2972 4978
870 430 911 512 18

376 617 486 709 phane
506 618 592 688 idem
612 619 766 708 praebeat
786 619 973 706 subsidium,
1003 619 1091 710 quod
1111 621 1146 690 in
1169 619 1289 688 fabulis
1310 620 1409 690 Pleu·

375 723 452 790 tinis
486 745 717 812 saepenumero
746 746 788 790 ex
809 724 971 811 Appulejo
991 723 1165 812 petendum
1188 734 1245 794 est.
1289 723 1408 790 Simile

377 828 563 914 exemplum
585 828 692 894 statim
712 826 935 914 adjungemus.

461 963 567 1029 Unico
602 963 687 1028 enim
718 962 789 1028 loco
820 963 875 1050 qui
901 970 949 1028 est
976 962 1009 1026 in
1038 962 1093 1031 Ar.
1115 962 1176 1031 Ar.
1198 957 1263 1030 515
1294 962 1406 1050 aquila
1479 955 1480 984 ¹

374 1063 465 1132 Jovis
488 1065 557 1131 svis
578 1064 695 1131 dieitur
717 1066 752 1129 in
770 1065 870 1151 petris
894 1063 1028 1129 deorum
1045 1062 1277 1152 hominumque
1297 1065 1405 1150 capite

376 1167 560 1232 considere:

669 1307 704 1318 -
726 1306 769 1317 -
791 1265 811 1333 ὅ
832 1263 916 1340 Ζεὺς
936 1263 996 1353 γὰρ
1022 1305 1058 1315 -
1085 1306 1124 1318 ·-

374 1362 472 1440 ἀετὸν
494 1366 585 1456 ὄρνιν
605 1367 735 1458 ἕστηκεν
755 1369 836 1450 ἔχων
860 1365 916 1435 ἐπὶ
936 1370 993 1453 τῆς
1014 1368 1153 1455 κεφαλῆς
1171 1367 1321 1452 βασιλεὺς
1342 1369 1403 1438 rio:

374 1505 461 1593 quod
490 1527 563 1570 cum
584 1504 713 1571 Kockio
741 1503 967 1591 Aristophanis
992 1504 1159 1590 interpreti
1180 1506 1402 1571 recentissimo

372 1607 469 1695 plane
492 1606 683 1674 incredibile
703 1606 880 1685 videretur,
912 1625 1026 1670 vocem
1055 1606 1193 1692 κεφαλῆς
1215 1617 1401 1695 corruptum
1480 1687 1481 1692 ἵ

373 1731 443 1774 csse
476 1710 613 1797 conjecit
641 1729 685 1774 cx
719 1708 875 1794 σκυτάλης
897 1706 950 1773 vel
981 1707 1077 1771 simili
1098 1705 1207 1793 aliquo
1229 1707 1401 1792 vocabulo,

372 1811 459 1898 quod
481 1813 514 1876 in
536 1809 707 1876 ridiculum
730 1817 869 1875 verteret
892 1808 1020 1875 solitam
1042 1811 1206 1874 notionem
1222 1810 1399 1898 σκῆπτρον.

370 1911 444 1978 Non
467 1912 660 1989 dubitamus,
696 1913 775 1997 quin
798 1910 946 1976 Kochius
974 1909 1063 1976 illam
1091 1911 1308 1998 conjecturam
1332 1935 1399 1978 non

370 2015 598 2100 proposuisset,
621 2013 648 2078 si
668 2020 765 2077 antea
786 2013 980 2099 inspexisset
1001 2012 1081 2082 Luc.
1096 2012 1197 2078 Deor.
1213 2013 1310 2080 (lonc.
1325 2035 1353 2078 o.
1367 2009 1398 2094 8,

369 2114 426 2180 ubi
447 2113 572 2180 Momus
593 2113 669 2181 Jovi
689 2115 734 2178 sic
756 2115 969 2180 conviciatur:
1003 2108 1118 2181 οὐκοῦν
1139 2114 1222 2201 μηδὲ
1240 2117 1320 2200 περὶ
1342 2116 1399 2180 τοῦ

370 2207 466 2283 lictori
489 2215 581 2298 εἴπω,
603 2211 655 2282 ὅτι
677 2216 730 2281 καὶ
751 2202 842 2290 οὗτος
864 2213 899 2281 ἐν
919 2216 964 2301 τῷ
987 2213 1111 2301 οὐρανῷ
1128 2213 1216 2282 ἔστιν
1237 2214 1292 2282 ἐπὶ
1305 2238 1398 2302 κεφα-
1481 2203 1482 2212 ³

368 2318 427 2404 lr‘p·
456 2333 509 2384 σοι
534 2314 711 2384 νεοττεύων
739 2315 820 2388 θεὸς
847 2309 929 2383 εἶναι
955 2316 1077 2392 δοκῶν·
1109 2319 1164 2404 qui
1188 2317 1288 2401 locus,
1323 2339 1397 2382 cum

369 2428 513 2508 apertam
543 2440 695 2486 versuum
725 2417 1034 2505 Aristophaneorum
1067 2420 1276 2486 imitationem
1298 2422 1397 2485 conti-

368 2530 451 2605 neat,
473 2520 637 2606 vulgatam
661 2520 832 2586 lectionem
853 2521 997 2607 κεφαλῆς
1021 2523 1149 2606 egregie
1169 2530 1288 2587 tuetur.

451 2641 618 2726 Πρλνννος,
640 2639 728 2727 quod
753 2641 887 2727 proprie
909 2639 1144 2726 significatione
1165 2648 1214 2704 est
1232 2640 1395 2725 „ihesus“,

366 2742 455 2830 apud
475 2743 723 2830 Aristophanem
755 2740 843 2807 haud
872 2764 946 2808 raro
979 2741 1021 2806 ed
1054 2763 1106 2806 res
1134 2741 1335 2810 firmissimas
1364 2753 1396 2808 et

366 2843 557 2911 indelebiles
579 2843 785 2927 transfertur,
804 2866 880 2909 -ncc
900 2847 1007 2910 minus
1033 2844 1180 2909 homines
1206 2848 1329 2910 strenui
1355 2868 1395 2910 cc

366 2946 466 3012 validi
482 2946 636 3012 dicuntur
649 2950 792 3033 πρίνινοι
806 2946 968 3032 (πρῖνος).·
991 2946 1033 3016 cf.
1049 2945 1189 3014 Acham.
1204 2942 1277 3016 180.
1294 2947 1392 3034 Vesp.

364 3042 440 3119 383.
462 3043 536 3118 877.
558 3043 631 3117 909.
662 3047 744 3115 Ren.
767 3043 840 3116 859.
897 3046 996 3113 Hunc
1028 3070 1133 3130 usum,
1169 3070 1265 3135 quem
1295 3051 1394 3116 ceteri

365 3150 489 3231 comici,
520 3158 677 3236 quantum
710 3149 839 3234 scimus,
872 3151 1002 3214 omnino
1038 3149 1198 3234 fugerunt,
1230 3149 1393 3216 Lucienus

364 3251 536 3338 amplexus
562 3260 610 3316 est
638 3251 672 3316 in
693 3249 746 3328 De
765 3251 850 3321 Hist.
873 3245 903 3333 8,
933 3250 1067 3317 athletas
1097 3251 1253 3338 quosdam
1274 3275 1393 3319 vocans

363 3356 539 3439 optrivere.

449 3471 566 3539 Piscct.
581 3465 625 3537 20
646 3470 812 3537 Lucienus
836 3491 872 3535 se
894 3471 974 3536 dicit
994 3473 1126 3538 minime
1146 3473 1298 3558 ignorare
1321 3472 1392 3562 (τὴν

363 3579 490 3662 τέχνην)
509 3568 570 3658 τὴν
593 3563 661 3639 ἀπὸ
682 3571 741 3638 τοῦ
761 3573 836 3658 φιλο
857 3569 917 3661 τὴν
937 3569 1038 3661 ἀρχὴν
1058 3571 1212 3654 ἔχουσανε
1236 3576 1292 3642 ubi
1307 3574 1390 3641 mele

362 3673 653 3742 Sommerbrodtius
671 3672 823 3739 codicum
837 3676 1030 3763 scripturam
1050 3677 1146 3762 φίλον
1160 3677 1303 3763 retinuit,
1325 3701 1389 3744 non

362 3777 531 3844 attendens
563 3784 691 3864 sumpte
718 3798 757 3844 ea
784 3797 856 3842 esse
881 3799 923 3842 ex
944 3778 1000 3848 Ar.
1022 3777 1119 3865 Vesp.
1144 3776 1186 3846 77
1208 3775 1275 3863 οὐκ,
1307 3775 1387 3847 ἀλλὰ

362 3881 438 3966 φιλο
465 3881 527 3966 μὲν
555 3873 643 3946 ἐστιν
672 3871 757 3970 ἀρχὴ
785 3879 843 3945 τοῦ
867 3879 977 3965 κακοῦ,
1008 3903 1104 3972 quem
1131 3880 1237 3948 locum
1263 3884 1384 3968 primus

361 3981 510 4048 Halmius
533 3980 676 4051 contulit
