2972 4978
626 357 699 451 αι’

131 569 361 657 philosophiae
383 569 561 634 irrisionem
576 571 688 656 poenis
703 570 902 655 gravissimis
916 569 1062 635 affecturi
1078 579 1159 639 sunt.

129 671 324 757 Fugientem
349 679 588 756 persequuntur
610 670 824 736 clamitantes:
864 669 964 755 βάλλε
984 672 1082 756 βάλλε
1102 669 1161 738 τὸν

128 771 311 858 κατάρατον
332 766 495 857 ἀφθόνοις
510 779 575 845 τοῖς
594 775 725 845 λίθοις.
749 819 756 836 .
780 819 788 836 .
811 780 892 838 παῖε
914 769 971 840 τὸν
993 766 1161 859 άλιθὴριαν

131 884 271 961 atquae
294 881 482 960 sequuntur.
531 873 624 940 Haec
657 876 766 939 omnia
794 895 836 938 ex
857 872 1082 962 Aristophanis
1111 897 1161 939 co-

129 976 269 1042 moediis
296 993 450 1061 expressa
473 985 558 1058 sunt,
588 975 643 1041 ubi
661 976 779 1041 similia
800 975 986 1063 frequenter
1005 985 1160 1061 aguntur:

130 1077 175 1148 ci.
199 1077 339 1142 Acharn.
363 1070 437 1158 280,
459 1098 524 1163 quo
548 1077 618 1143 loco
640 1075 867 1143 Achomenses
881 1078 1096 1165 Dicaeopolin
1116 1080 1160 1142 in·

130 1180 235 1245 secuti
260 1177 442 1243 exclamant
464 1175 561 1262 βάλλε
581 1176 678 1263 βάλλε
700 1227 754 1248 ...
775 1187 854 1245 παῖε
871 1181 935 1250 πᾶς
955 1174 1012 1245 τὸν
1032 1181 1160 1266 μιαρόν.

127 1281 215 1369 Equ.
231 1276 294 1347 247
310 1302 375 1367 sq.:
396 1287 474 1346 παῖε
490 1288 569 1348 παῖε
586 1273 645 1346 τὸν
662 1280 857 1365 nunciorum
880 1279 954 1350 add.
969 1281 1054 1352 Nub.
1068 1277 1160 1352 1508.

127 1382 195 1449 Av.
216 1377 288 1451 365.

217 1482 292 1570 Jup.
308 1483 406 1570 Trag.
421 1475 462 1548 21
483 1481 620 1566 Momus,
643 1507 768 1550 summa
791 1506 863 1549 cum
885 1482 1031 1548 libertate
1043 1483 1160 1550 Jorem

129 1586 174 1652 ob
197 1585 383 1672 injustitiam
415 1605 453 1648 ae
474 1585 632 1649 bonorum
654 1573 1159 1671 neglegentiamreprehendens,

127 1688 330 1768 libertatem,
366 1709 463 1773 quam
495 1689 673 1772 expromit,
708 1689 753 1752 sio
785 1695 933 1752 excusat:
975 1685 1071 1771 μόνοι
1102 1683 1159 1773 γάρ

127 1787 232 1874 ἔσμεν
253 1790 306 1855 καὶ
331 1784 435 1861 οὐδεὶς
456 1783 628 1874 ἄνθρωπος
655 1789 794 1874 πάρεστι
814 1791 861 1876 aqi
886 1785 1039 1875 σαλλάγῳε
1076 1811 1160 1875 quae

126 1890 188 1956 ubi
217 1891 391 1955 contuleris
422 1910 496 1954 cum
518 1889 743 1976 Aristophanis
772 1889 918 1957 versibus
943 1889 1159 1956 celeberrimis

128 1991 289 2074 (Acharn.
310 1987 384 2058 504.
401 1985 494 2070 505):

200 2127 207 2142 ·
281 2087 372 2160 αὐτοὶ
393 2089 452 2177 γάρ
474 2089 572 2176 ἔσμεν
594 2089 672 2158 crini
691 2097 828 2181 Ληναίῳ
849 2087 876 2159 τ’
901 2088 996 2177 άγάν,

280 2192 391 2260 xoium
414 2198 499 2271 ξένοι
519 2191 680 2279 πάρεισιν,

127 2298 211 2363 haee
232 2297 368 2362 Luciani
391 2304 466 2362 ante
490 2295 599 2361 oculos
621 2305 750 2362 versata
772 2319 842 2361 esse
863 2296 980 2362 infitias
1001 2320 1066 2364 non
1089 2298 1160 2382 ibis,

129 2400 321 2487 praesertim
346 2421 417 2463 cum
445 2400 517 2484 ipsa
540 2417 644 2484 paene
665 2398 764 2464 verba
786 2400 979 2486 conspirent.
1024 2397 1161 2486 Insuper

130 2500 171 2569 of.
192 2499 392 2586 Thesmoph.
415 2492 488 2568 472.

217 2602 257 2666 ln
285 2601 422 2666 Luoiani
450 2601 552 2687 Epist.
587 2599 713 2666 Saturn.
744 2596 786 2666 31
818 2599 977 2666 Saturnus
1006 2601 1159 2668 divitibus

129 2705 266 2785 nuntiat,
303 2725 462 2789 pauperes
493 2724 513 2767 a
539 2724 574 2767 se
603 2700 765 2788 petivisse,
800 2711 836 2766 ut
865 2702 998 2768 ditiores
1025 2703 1159 2791 juberet

129 2804 366 2893 aliquantulum
389 2806 514 2889 argenti
535 2805 570 2868 in
590 2825 644 2869 eos
667 2803 841 2887 effundere,
877 2806 932 2892 qni
955 2805 1066 2894 inopia
1088 2828 1158 2892 pre-

129 2916 304 2974 merentur.
348 2906 457 2971 Verba
486 2914 574 2972 sunt:
608 2906 665 2971 rori
687 2909 821 2990 χρυσίον
854 2900 961 2989 ὀλίγον
990 2904 1160 2984 ἕπιστάξαι

130 3004 237 3082 αὐτοῖς
272 3005 426 3091 (ἐκέλευον
455 3003 625 3090 ἀναγκάσαι
654 3003 759 3091 ὑμᾶς).
799 3005 1030 3094 ⁴Comparatur
1062 3010 1159 3094 igitur

130 3132 244 3177 aurum
266 3130 339 3174 cum
360 3108 457 3174 melle
480 3111 626 3194 guttatim
648 3106 745 3173 alicui
759 3107 930 3181 instillato:
953 3110 1040 3198 quod
1054 3109 1159 3176 simile

129 3235 173 3279 ex
206 3210 423 3299 Aristophane
465 3232 521 3277 suo
557 3212 694 3297 sumpsit
727 3210 901 3277 Lucianus.
956 3211 1078 3278 Versus
1111 3219 1160 3278 est

129 3315 272 3380 Acham.
289 3307 374 3380 1034
395 3310 434 3380 σι)
455 3316 493 3380 δὲ
513 3362 522 3387 .
539 3359 571 3378 ..
592 3336 649 3397 μοι
671 3308 852 3396 σταλαγμὸν
876 3310 1002 3402 εἰρήνης
1024 3310 1080 3380 ἕνα

129 3412 335 3492 ἐνστάλαξον.
1020 3415 1022 3419 ’

215 3516 255 3581 ln
277 3515 354 3581 Ver.
368 3515 453 3583 Hist.
477 3516 519 3597 ll,
544 3513 564 3584 9
588 3515 781 3582 describitur
802 3523 962 3580 certamen
978 3514 1158 3582 Alexandri

130 3628 229 3707 atque
259 3616 453 3683 Hannibalis
489 3619 523 3682 in
554 3618 639 3684 Oreo
662 3617 819 3699 obortum,
853 3636 925 3681 cum
956 3625 1092 3704 uterque
1124 3639 1158 3682 se

129 3728 222 3807 putet
243 3719 371 3801 throno,
401 3718 565 3784 fortissimi
587 3720 622 3784 in
644 3719 798 3784 honorem
821 3726 993 3794 exstructo,
1023 3716 1157 3805 dignum

130 3842 209 3891 esse.
254 3821 445 3886 Rectissime
466 3820 547 3886 haec
565 3842 639 3886 cum
653 3821 815 3907 Aristoph
830 3820 913 3885 Ran.
929 3815 994 3886 764
1012 3818 1158 3887 Koskius

136 3921 289 4008 contulit3
323 3924 534 4010 nequeenim
556 3922 690 3990 dubium
713 3931 771 4008 est,
793 3924 871 4010 quin
891 3930 1053 3990 certamen
1074 3921 1157 3988 illud
