2898 5000
544 1367 578 1460 s.
604 1367 632 1434 1.

163 1553 304 1637 Initium,
325 1563 362 1618 ut
384 1575 444 1642 par
465 1563 523 1637 est,
544 1554 728 1620 faciendum
752 1553 794 1618 ab
813 1553 972 1619 Homero:
1008 1576 1105 1640 quem

78 1656 209 1743 quidem
231 1655 411 1721 aLueiano
433 1677 499 1720 non
522 1655 629 1720 minus
651 1676 748 1741 quam
772 1677 793 1720 a
815 1655 928 1719 ceteris
953 1653 1104 1720 omnibus

77 1757 211 1822 Graecis
240 1755 404 1822 literarum
426 1754 623 1822 Graecarum
653 1755 776 1821 fontem
801 1757 1008 1841 omniumque
1029 1779 1105 1842 poe·

75 1869 182 1924 tarum
214 1859 314 1943 longe
345 1857 654 1943 praestantissimum
687 1855 832 1922 habitum
856 1875 926 1921 esse
959 1856 1106 1923 eluoete

76 1961 149 2025 looo
172 1961 227 2046 qui
252 1968 301 2024 est
323 1959 358 2023 in
377 1956 449 2024 Jov.
468 1957 566 2040 Trag.
589 1953 642 2024 39.
693 1957 844 2043 Inprimis
866 1966 1063 2024 memoratur
1085 1980 1106 2023 a

76 2061 222 2126 Luoiano
252 2063 320 2146 ejus
344 2059 499 2145 sapientia
527 2062 656 2140 (σοφίαι
678 2057 777 2127 Mero.
802 2057 905 2124 Oond.
928 2053 998 2141 25),
1030 2057 1106 2124 dein

77 2183 145 2227 non
163 2183 228 2227 uno
249 2161 323 2227 looo
343 2161 412 2246 ejus
433 2159 584 2244 gravitas,
607 2158 650 2225 od
671 2181 769 2245 quam
789 2157 995 2224 indicandam
1018 2159 1106 2224 hisee

77 2263 210 2329 vooibus
232 2263 332 2328 utitur
345 2260 525 2326 Lucienus:
547 2257 757 2346 μεγαλόφρων
773 2251 911 2348 Ὅμηρος
932 2261 998 2350 (De
1019 2259 1105 2330 Hist.

77 2361 147 2450 57),
165 2365 389 2450 μεγαληγορεῖν
410 2360 536 2442 (Sacris.
559 2357 603 2443 9),
624 2359 928 2445 μεγαλοφωνὰιατος
948 2363 1013 2428 τῶν
1033 2384 1106 2427 noo

78 2466 162 2552 ηιῶν
184 2465 298 2545 (Musa.
313 2462 447 2531 Enoom.
461 2461 507 2545 5).
550 2459 626 2527 Vim
647 2460 737 2526 illam
759 2485 890 2548 prorsus
912 2461 1106 2545 mirandam,

79 2589 177 2654 quam
203 2565 336 2630 exhibet
360 2564 522 2630 Homerus
551 2564 586 2627 in
607 2563 826 2630 describendis
847 2563 998 2651 procellis
1017 2585 1107 2631 mare

78 2665 312 2749 infestantibus,
337 2665 516 2731 Luoianum
543 2664 626 2731 bene
648 2667 786 2731 sensisse
813 2659 951 2732 ostendit
974 2663 1106 2731 Charon

79 2790 107 2832 o.
130 2765 160 2844 7,
194 2789 258 2854 quo
281 2774 391 2832 tamen
418 2766 487 2832 loco
515 2766 660 2849 ludicris,
692 2773 729 2831 ut
756 2764 884 2848 assolet,
909 2753 996 2849 jonis
1019 2766 1106 2854 judi-

79 2869 166 2933 oium
196 2891 290 2933 suum
318 2870 411 2955 quasi
438 2868 583 2934 involvit
626 2867 724 2934 Porro
748 2867 890 2955 epitheta
909 2868 966 2934 illa
987 2869 1106 2934 Home·

79 2971 155 3051 rioa,
176 2970 292 3056 quibus
313 2991 365 3034 res
386 2978 442 3035 aut
463 2990 618 3056 personas
639 2979 705 3034 tam
723 2969 836 3036 vivide
859 2968 1005 3056 depingit
1018 2989 1108 3055 mag·

79 3094 142 3136 nus
162 3081 268 3158 poeta,
302 3079 339 3136 ut
362 3070 463 3136 oeulis
482 3091 537 3135 eas
558 3092 690 3136 eernere
710 3070 804 3137 nobis
824 3071 1004 3155 videamur,
1033 3093 1106 3137 oum

80 3172 177 3239 laude
200 3173 401 3257 attinguntur
420 3171 522 3257 Imag.
538 3168 568 3239 8.
612 3171 749 3239 Prorsus
765 3175 915 3260 egregius
928 3181 977 3238 est
991 3172 1108 3237 Home·

79 3296 136 3340 rus
167 3274 202 3337 in
236 3272 332 3340 rebus
366 3273 602 3360 praedicandis,
635 3296 802 3361 nunquam
821 3276 927 3361 justos
955 3273 1109 3340 laudandi

79 3377 160 3442 fines
180 3385 414 3460 transgressus:
435 3373 500 3440 Pro
521 3375 626 3460 Imag.
648 3399 675 3441 o.
697 3371 750 3443 20.

164 3476 281 3542 Pauois
310 3486 499 3543 enarrentur
528 3497 583 3559 ea,
616 3478 733 3564 quibus
756 3477 920 3543 Lucienus
950 3487 981 3542 et
1002 3477 1052 3541 sui
1077 3484 1109 3541 et

79 3579 196 3666 prioris
220 3579 375 3664 temporis
397 3579 522 3643 oritioos
549 3579 585 3640 in
606 3584 783 3644 Homerum
799 3561 929 3643 'summa
951 3575 1109 3643 industria

80 3678 302 3746 incumbentes
316 3680 512 3765 perstringit.
554 3678 697 3766 Soriptor
710 3681 807 3764 igitur
820 3689 940 3762 noster,
963 3701 1026 3766 qua
1040 3685 1110 3743 erat

79 3782 202 3866 ingenii
234 3780 345 3846 indole
377 3791 474 3867 atquo
502 3790 628 3863 natura,
663 3803 765 3848 vanas
797 3781 992 3867 inutilesque
1016 3779 1109 3846 duxit

81 3883 286 3969 quaestiones
307 3882 381 3948 illas
404 3883 446 3948 de
467 3882 602 3949 Homeri
621 3883 744 3970 patria,
776 3903 856 3950 num
878 3903 992 3950 caecus
1013 3880 1110 3947 inerit
