2972 4978
329 515 432 580 paene
446 493 642 580 superfluum
666 494 741 560 addi
764 496 927 561 affirmans
947 495 1070 561 fallitur
1092 498 1187 562 homo
1213 496 1349 562 doctissi·
1466 537 1467 566 l

331 616 415 678 mus3
438 597 471 660 in
493 596 605 682 Cynic.
629 599 755 662 enimc
776 594 816 663 10
838 597 1010 682 πράγματα
1026 607 1159 685 apperte
1173 598 1350 664 tollendum
1466 601 1467 604 ’

330 706 391 777 eat3
413 699 446 762 in
462 697 546 765 Dial.
563 695 656 767 Mori.
671 699 696 762 I.
708 695 738 780 4,
763 698 818 763 ubi
832 703 965 784 πρᾶγμα
987 711 1018 766 et
1031 691 1152 784 ἀπορία
1161 701 1351 786 junguntur,

329 801 373 864 ita
392 807 428 863 ut
448 801 580 884 πρᾶγμα
600 803 786 886 pauperiem
801 800 932 879 indicet,
952 802 1041 866 locus
1060 802 1116 886 qui
1137 800 1253 886 legitur
1267 803 1353 888 apud

329 899 481 987 Xenoph.
511 902 545 964 in
565 902 738 967 memorab.
761 901 805 972 ΙΙ.
828 898 902 983 1,2
931 923 1041 968 vocem
1065 902 1153 967 illam
1177 902 1263 968 bene
1285 912 1351 968 tue-

330 1011 392 1082 tur,
412 1001 485 1066 add.
509 1001 608 1089 Soph.
631 1003 681 1090 Aj.
696 999 769 1072 314.
811 1004 912 1069 Porro
936 1006 969 1068 in
992 1003 1080 1072 Dial
1101 1002 1194 1072 Mort.
1215 1003 1308 1072 XXI.
1323 1001 1353 1075 2.
1467 1019 1468 1028 ’

329 1102 458 1168 ΧΧΙΙΙ.
492 1099 523 1169 2.
579 1104 655 1190 Jup.
681 1104 821 1172 Confi?
855 1105 990 1191 πρᾶγμα
1025 1126 1098 1170 cum
1131 1104 1353 1191 euphemismo

331 1204 471 1292 quodam
505 1207 644 1291 positum
680 1216 727 1271 est
759 1229 818 1294 pro
854 1209 1004 1290 „morte“,
1036 1205 1156 1272 nedum
1180 1207 1221 1272 sit
1246 1229 1354 1293 super·

329 1328 519 1387 vacaneum,
541 1317 577 1372 ut
595 1309 745 1394 opinatur
757 1307 918 1377 Jacobiua.
953 1307 1020 1372 Nec
1038 1310 1140 1393 magia
1158 1316 1246 1372 recte
1259 1308 1354 1373 homo

330 1407 534 1474 doctissimus
562 1409 663 1474 verba
683 1410 847 1476 Lucianea
872 1433 954 1498 quae
976 1419 1086 1475 extant
1109 1411 1141 1474 in
1162 1410 1218 1474 Bis
1239 1409 1354 1476 Accua.

329 1507 371 1576 29
400 1511 518 1576 κοονοῖν
539 1508 568 1576 δ’
590 1509 718 1597 ὠρέχθη
747 1511 941 1595 πραγμάτων
970 1511 1165 1598 respondere
1193 1511 1356 1576 contendit
1468 1565 1469 1608 ,

328 1612 520 1678 Latinorum
546 1634 720 1696 „novarum
750 1636 857 1678 rerum
887 1635 957 1678 ease
978 1612 1169 1700 cupidum“;
1197 1635 1355 1679 novarum
1468 1613 1469 1670 l

331 1717 417 1780 enim
438 1733 546 1779 rerum
569 1714 706 1801 cupidus
729 1714 846 1780 dicitur
867 1717 903 1797 is,
929 1718 984 1802 qui
1006 1737 1118 1782 eversa
1140 1716 1186 1780 rei
1208 1715 1355 1802 publicae

331 1816 512 1882 conditione
533 1837 651 1881 novam
673 1817 799 1903 imperii
814 1815 947 1881 formam
964 1817 1089 1883 efficere
1104 1816 1223 1899 studet;
1246 1825 1356 1883 contra

331 1921 368 1996 ie,
407 1921 462 2005 qui
483 1916 570 2005 apud
591 1915 772 1983 Lucienum
793 1919 909 1984 καινῶν
928 1915 1059 2006 ὠρέχθη
1082 1915 1290 2005 πράγμονων,
1311 1919 1355 1983 nil

331 2021 420 2086 aliud
434 2021 558 2107 appetit
574 2020 636 2083 nisi
651 2015 812 2105 νεώτερόν
823 2043 864 2087 τι.
880 2059 914 2067 -
938 2019 1069 2106 Deinde
1088 2009 1242 2086 Jacobius
1257 2020 1356 2086 verba
1469 2069 1470 2110 ,

332 2126 366 2187 in
388 2121 484 2189 Alex.
506 2118 548 2188 15
577 2116 730 2187 ἁπάντων
753 2115 830 2195 τούς
858 2118 1050 2204 ἐγκεφάλους
1078 2117 1206 2194 καὶτὰς
1227 2125 1356 2208 καρδίας
1469 2113 1470 2172 Ῑ

330 2228 599 2311 προεξῃρημένων
635 2222 831 2307 respondere
866 2222 1032 2286 contendit
1065 2223 1200 2288 vocibus
1236 2224 1354 2304 latinis,

331 2348 414 2414 quae
436 2334 510 2390 sunt
532 2322 738 2407 „cerebrum“
764 2332 795 2388 et
812 2323 1059 2406 „cerebrosus“:
1086 2324 1173 2410 quod
1195 2325 1355 2411 quomodo

331 2427 481 2495 excidere
520 2425 570 2490 illi
606 2426 764 2511 potuerit,
801 2427 930 2490 omnino
966 2446 1032 2490 non
1059 2426 1168 2491 video:
1215 2427 1356 2513 quando·
1470 2490 1471 2498 ¹

332 2530 462 2618 quidem
482 2527 591 2592 Latini
626 2525 866 2609 „cerebrosum“
902 2526 1013 2592 dicunt
1041 2527 1203 2592 hominem
1232 2529 1356 2593 insania
1470 2517 1471 2594 J

332 2641 461 2718 captum
495 2628 676 2713 mentisque
709 2629 916 2713 impotentem
952 2628 1043 2708 (Hor.
1080 2628 1146 2693 Sat.
1181 2629 1207 2698 I.
1230 2627 1261 2711 5,
1286 2625 1355 2712 21);

331 2756 443 2800 rursus
481 2728 660 2814 ἅνθρωπος
691 2723 751 2794 τὸν
771 2726 945 2814 ἐγκέφαλον
967 2727 1160 2817 ἐξῃρημένος
1191 2729 1307 2796 festive
1338 2754 1356 2795 a

330 2834 475 2900 Luciano
500 2833 614 2896 dicitur
634 2831 729 2896 homo
753 2830 870 2917 aliquis
892 2832 998 2896 fatuus
1020 2830 1192 2917 hebesque.
1219 2869 1259 2880 —
1282 2833 1356 2897 Bre-

330 2939 412 3002 viter
440 2937 539 3019 igitur
561 2945 596 3000 ut
615 2956 682 2999 rem
706 2932 892 3018 amplectar:
926 2934 1103 2998 rectissime
1125 2932 1204 2997 mihi
1227 2933 1355 3000 videtur
1466 2933 1468 2940 ’

327 3038 490 3124 judicasse
511 3036 564 3100 Fr.
586 3035 625 3099 A.
646 3034 784 3100 wolfius
806 3035 848 3099 ad
871 3033 949 3102 Hor.
973 3035 1039 3102 Sat.
1063 3035 1087 3103 l.
1111 3031 1141 3117 1,
1165 3031 1207 3102 15
1236 3035 1356 3116 (Berol.

331 3133 446 3220 1813),
482 3145 605 3202 tantum
629 3134 755 3216 abesse,
788 3144 825 3199 ut
856 3135 1002 3201 homines
1035 3136 1118 3201 docti
1147 3137 1265 3202 Graeci
1299 3135 1354 3200 illa

332 3250 435 3306 aetate
469 3239 619 3304 florentes
663 3239 777 3302 imitati
810 3238 874 3301 nint
901 3237 1074 3316 Romanos,
1109 3248 1144 3302 ut
1176 3259 1217 3300 ne
1238 3236 1356 3322 legisse

331 3342 461 3428 quidem
484 3342 666 3428 frequenter
688 3338 859 3405 videantur
870 3343 902 3421 ¹).

401 3563 427 3630 1)
455 3563 584 3614 Similiter
610 3562 642 3614 de
665 3562 777 3614 Libanio
799 3562 906 3627 ejusque
930 3562 1084 3628 aequalibus
1106 3561 1280 3628 judicandum
1301 3577 1355 3614 ease

331 3648 399 3702 vidit
417 3649 521 3700 Siovers
538 3651 566 3700 in
584 3648 676 3700 libello
696 3649 767 3713 „Duo
786 3646 874 3698 Leben
896 3647 941 3698 dec
959 3648 1035 3701 Lib.“
1055 3665 1081 3715 p.
1102 3652 1142 3700 12.
