2898 5000
836 407 880 478 32

346 621 377 670 v.
400 593 478 666 775:

432 700 493 784 Tu,
529 700 674 782 Simalio,
709 700 747 776 in¹
765 702 928 781 sinistrum
954 723 1097 783 cornum,
1131 699 1167 764 tt
1189 698 1348 786 Syrisce
1370 701 1398 763 in

1108 799 1314 868 dexterum.

432 904 522 971 Cedo
554 903 648 969 tliosl
692 903 748 968 ubi
777 906 953 972 oentdriost
981 904 1092 989 Sanga
1126 910 1157 967 et
1190 901 1396 990 matnipulus

1159 1002 1313 1069 fimum?

347 1109 510 1174 communi
533 1129 551 1172 e
571 1107 660 1172 fonte
673 1106 858 1173 Terentium
881 1116 912 1173 et
925 1107 1105 1173 Lucienum
1128 1100 1294 1171 hensisse
1320 1106 1396 1170 fate-

346 1210 440 1277 bitur.
475 1247 516 1258 -
548 1208 731 1293 Peregrinis
763 1211 797 1273 in
829 1211 932 1292 terris,
966 1209 1023 1274 ubi
1053 1209 1186 1274 militiae
1208 1207 1396 1274 laboribus

347 1311 590 1398 perfungtmtur,
612 1313 761 1395 ingentes
783 1309 911 1376 divitias
933 1310 1103 1376 corradere
1119 1308 1236 1389 solent,
1271 1309 1394 1398 quibus

347 1412 486 1477 oneratis
508 1411 650 1477 Athenas
674 1421 730 1477 aut
751 1412 915 1498 Ephesum
938 1434 972 1477 se
993 1411 1172 1494 conferunt,
1204 1423 1245 1478 ut
1274 1411 1395 1498 volup·

347 1513 466 1579 tatibus
490 1511 654 1579 finentnm
676 1512 717 1580 of.
740 1513 871 1599 Dialog.
893 1514 1024 1582 Meretr.
1046 1513 1106 1578 IX.
1132 1513 1169 1578 l:
1189 1512 1335 1600 ἑώρακα
1356 1563 1363 1577 .
1386 1563 1392 1577 .

347 1608 445 1681 αὐτὸν
483 1611 657 1701 ἐφεστρίδα
695 1613 946 1702 περιπόρφυρον
981 1612 1301 1701 ἐμπεπορπημένον
1345 1616 1395 1680 καὶ

348 1711 549 1789 ἀκολούθους
570 1712 639 1800 ἅμα
655 1718 803 1790 πολλούς.
837 1718 914 1783 ibid.
938 1739 965 1786 ο.
987 1710 1024 1782 2:
1055 1713 1212 1804 ἐξήγγειλε
1235 1717 1392 1784 πλοῦτον

346 1810 456 1902 oeldo,
485 1815 617 1904 χρυσόν,
648 1816 783 1906 ἐσθῆτα,
802 1813 1013 1901 ἀκολούθους,
1035 1815 1210 1904 ἐλέφαντος
1250 1818 1391 1907 quibus·

348 1941 421 1984 eum
444 1917 589 1986 conferas
610 1920 713 1990 Plaut.
735 1919 832 2008 Epid.
855 1921 881 1988 Ι.
904 1921 934 2005 1,
954 1915 1013 1988 50:

476 2058 517 2072 -
540 2057 582 2070 -··
603 2022 695 2088 miles
717 2022 875 2110 locuples,
897 2023 998 2088 multo
1021 2045 1100 2089 auro
1122 2033 1249 2111 potens.

432 2123 539 2189 Locus
559 2124 695 2190 Luoiani
717 2127 773 2212 qui
794 2122 911 2191 deinde
934 2126 1078 2212 sequitur
1098 2119 1138 2192 τὸ
1162 2179 1170 2195 .
1194 2177 1201 2196 .
1226 2119 1387 2212 ἀργύριον

347 2224 433 2312 μηδὲ
451 2221 585 2312 ἀριθμῷ
592 2229 615 2309 ¹)
636 2221 722 2308 ἄγειν
746 2218 856 2308 αὐτὸν,
882 2217 961 2291 ἀλλὰ
981 2230 1129 2315 μηδίμυφ
1151 2221 1387 2312 ἅπομεμευρη·

348 2334 445 2412 μένον
464 2323 604 2398 πολλοὺς
624 2328 827 2413 μεδίμουοος,
851 2328 1004 2395 adverba
1026 2329 1167 2410 (otLor,
1187 2330 1208 2398 l.
1227 2351 1254 2396 ο.
1271 2352 1308 2416 p.
1323 2319 1385 2394 246

349 2437 413 2498 not.
425 2425 461 2516 3)
483 2428 657 2515 respondet
677 2430 825 2496 versibus
849 2428 1005 2496 Plautinis
1026 2433 1060 2496 in
1083 2431 1151 2498 Mil.
1171 2431 1227 2496 el.
1241 2426 1338 2499 1064
1348 2428 1383 2503 R,

348 2529 405 2594 ubi
427 2530 693 2618 Pyrgopolinices
715 2534 763 2598 sio
784 2531 958 2617 gloriatur:

476 2669 519 2681 -
545 2667 581 2682 ·-
605 2633 680 2699 satis
706 2634 811 2700 habeo
835 2634 1030 2717 divitiarum,

475 2735 553 2801 Plus
576 2735 631 2822 pol
653 2737 697 2801 mi
715 2737 786 2802 euri
807 2735 928 2802 millest
951 2736 1094 2801 modium
1115 2735 1270 2822 Philippi.

349 2837 508 2904 Addimus
529 2836 625 2924 Epid.
647 2837 689 2905 H.
713 2833 746 2919 2,
768 2835 846 2906 115:

576 2940 664 3006 Auro
687 2940 867 3028 opulentus,
891 2962 1027 3027 magnus
1049 2938 1151 3008 miles.

349 3038 537 3125 111.4,15.

480 3181 518 3192 -
541 3163 659 3230 nempe
683 3164 780 3231 quem
799 3145 834 3209 in
856 3145 1074 3211 adulescentia

478 3246 660 3313 Memorant
680 3245 767 3333 apud
788 3267 881 3332 reges
903 3248 1010 3331 armis,
1036 3254 1104 3312 ποτε
1126 3244 1240 3311 bellica

479 3348 622 3414 Divitias
644 3357 780 3434 magnes
802 3346 966 3436 adeptum.

433 3450 585 3536 Inprimis
601 3472 676 3515 vero
691 3450 834 3535 insignes
857 3459 931 3515 sunt
951 3449 1000 3516 illi
1022 3449 1138 3516 milites
1160 3471 1199 3514 ea
1218 3470 1265 3532 re,
1289 3443 1377 3535 quod

349 3573 400 3619 res
441 3573 516 3617 suas
555 3552 686 3618 bellicas
723 3573 808 3618 vana
841 3552 1021 3639 jactatione
1062 3551 1213 3618 omnibus
1245 3558 1379 3616 narrant

348 3674 505 3741 suamque
522 3655 671 3720 virtutem
692 3675 795 3742 usque
816 3653 859 3719 ad
882 3653 1017 3720 eaelum
1031 3654 1179 3737 efferunt,
1205 3651 1377 3719 mendacin

348 3755 447 3842 plane
479 3755 682 3822 incredibilia
712 3756 935 3827 admiscentes.
991 3755 1086 3822 Miles
1118 3757 1173 3844 qui
1205 3763 1253 3822 ost
1287 3748 1377 3842 apud

420 3966 445 4028 l)
462 3963 502 4017 Of.
522 3962 654 4025 Fritssoh.
671 3961 705 4016 sd
723 3963 835 4016 Lueisni
856 3963 977 4016 Hermot.
996 3963 1038 4016 11.
