2972 4978
608 339 652 412 23
695 305 697 308 ,

203 530 303 610 Tum,
322 532 350 596 si
383 530 568 617 inspicimus
600 528 739 596 Luciani
772 528 951 608 Timonem,
983 531 1144 617 permulta

110 633 158 699 ad
177 634 232 700 Ar.
251 631 338 698 Pluti
358 630 545 718 exemplum
568 653 721 720 expressa
741 653 812 698 csso
834 630 965 696 infitiari
985 655 1051 698 non
1072 655 1145 720 pos·

111 757 227 800 sumus
243 739 276 814 ¹).
319 734 436 799 Timon
460 732 645 799 simillimus
667 742 716 799 est
736 735 767 800 ei
785 732 918 815 homini,
941 735 1031 820 cujus
1045 734 1142 800 hone-

111 845 182 902 stas
204 845 303 923 atque
318 835 443 923 justitia
463 833 652 901 describitur
673 835 707 900 in
727 835 812 902 Plut
836 828 1020 906 823-850:
1050 836 1142 922 prius

111 939 202 1002 enim
226 936 510 1024 oppulentissimus
531 934 628 1019 (Tim.
644 934 674 1007 7.
695 937 780 1007 Plut.
795 927 873 1022 829)
893 942 1028 1023 uterque
1050 935 1142 1024 paul·

112 1039 209 1104 latim
236 1038 278 1103 ad
307 1047 486 1104 extremam
511 1037 655 1124 inopiam
683 1038 835 1125 delapsus
859 1045 915 1116 est,
946 1059 1020 1103 cum
1043 1038 1144 1103 nimia

112 1140 308 1206 liberalitate
330 1141 508 1206 amicorum
523 1137 661 1204 fortunis
676 1146 897 1206 succurrerent
911 1138 1009 1221 (Tim.
1024 1135 1143 1208 47:49.

111 1241 189 1307 Plut
218 1237 313 1325 830):
335 1243 391 1328 qui
415 1247 533 1325 tamen,
553 1239 670 1305 malam
693 1241 867 1306 referentes
887 1241 1033 1325 gratiam,
1057 1249 1142 1326 post-

114 1365 214 1431 quam
234 1343 296 1408 illi
317 1342 445 1409 divitias
467 1340 648 1428 perdidere,
681 1365 735 1410 eos
758 1347 1016 1430 contempserunt
1043 1361 1142 1428 seque
1177 1371 1181 1382 ·

113 1467 256 1532 unquam
278 1444 347 1511 ulla
368 1443 509 1510 amicitia
531 1465 605 1509 oum
626 1444 762 1511 misellis
780 1445 849 1510 istis
864 1443 1050 1509 hominibus
1069 1465 1142 1510 con-

106 1549 240 1633 junctos
268 1545 367 1611 fuisse
397 1555 597 1630 negaverunt
618 1546 718 1634 (Tim.
730 1540 783 1614 49.
805 1544 890 1611 Plut.
904 1539 977 1614 241.
992 1539 1080 1625 837).
1097 1581 1140 1593 -

112 1648 214 1713 Porro
245 1647 333 1734 apud
363 1654 534 1733 utrumque
566 1649 755 1734 scriptorem
779 1645 893 1712 Plutus
914 1645 993 1712 deus
1024 1666 1140 1712 caecus
1251 1688 1254 1695 ·

111 1749 246 1834 fingitur
279 1769 365 1814 esse:
408 1746 491 1812 Tim.
512 1741 564 1817 20.
597 1747 682 1814 Plut.
707 1747 757 1819 13.
783 1743 836 1816 90.
857 1743 922 1814 403
944 1769 1008 1833 sq.:
1052 1746 1140 1834 quod

111 1860 232 1928 tamen,
265 1873 340 1915 cum
362 1848 458 1915 simili
480 1849 604 1916 ratione
630 1852 671 1917 ab
694 1851 765 1917 aliis
786 1849 923 1938 poetis²)
945 1849 1021 1914 satis
1042 1869 1140 1936 saepe

111 1951 170 2016 ille
197 1951 378 2034 inducatur,
412 1950 596 2017 Lucienum
629 1952 729 2018 nolim
760 1951 922 2020 affirmare
954 1972 996 2016 ex
1017 1949 1142 2016 Aristo·

108 2052 219 2141 phane
240 2054 442 2141 potissimum
462 2052 618 2125 hausisse.
661 2055 892 2121 Verumtamen
913 2059 988 2119 sunt
1010 2051 1084 2129 alia,
1105 2052 1139 2116 in

109 2154 228 2242 quibus
252 2153 417 2220 Lucianus
448 2177 489 2220 ex
513 2154 568 2220 illo
591 2155 740 2241 pendeat.
784 2155 909 2238 Plutus,
941 2153 998 2219 ubi
1021 2153 1063 2219 sd
1085 2153 1139 2219 ho·

108 2257 213 2321 mines
232 2277 348 2322 avaros
369 2258 526 2343 pervenit,
559 2258 747 2325 arctissimis
771 2258 909 2325 vinculis
931 2256 973 2322 ab
995 2257 1042 2322 eis
1065 2277 1138 2321 oon·

107 2359 290 2444 stringitur,
311 2367 346 2423 ut
367 2365 409 2422 no
430 2381 574 2445 unquam
596 2381 706 2425 eorum
724 2359 821 2426 aedes
844 2359 987 2439 deserat;
1010 2356 1052 2423 de
1075 2379 1139 2444 qua

108 2459 243 2546 quidem
277 2480 313 2523 re
343 2462 414 2547 ipse
447 2460 527 2525 deus
542 2448 545 2454 ¹
562 2469 594 2527 et
614 2460 702 2548 apud
721 2461 971 2547 Aristophanem
997 2469 1029 2527 et
1051 2457 1138 2547 apud

106 2559 291 2625 Lucianum
312 2563 551 2648 quammaximo
579 2565 798 2651 conqueritur:
833 2563 873 2632 cf.
895 2561 979 2632 Plut
1001 2555 1067 2628 234
1089 2579 1137 2648 sq.

108 2661 195 2726 Tim.
221 2657 271 2728 13.
315 2663 439 2728 Rursus
467 2663 524 2729 ubi
555 2665 589 2730 in
620 2666 765 2732 homines
793 2663 983 2732 libidinibus
1011 2662 1137 2729 deditos

106 2764 256 2846 incurrit,
291 2765 440 2851 parasitis
466 2787 506 2830 ac
533 2768 752 2833 meretricibus
774 2766 909 2833 traditus
929 2787 1009 2831 mox
1030 2764 1137 2830 nudus

106 2873 207 2951 atque
226 2865 416 2932 verberibus
437 2888 549 2934 caesus
575 2878 730 2958 tanquam
758 2868 862 2934 malus
885 2867 1001 2954 aliquis
1023 2885 1137 2932 servus

106 2963 195 3031 foras
218 2968 361 3054 ejicitur:
384 2967 468 3037 Plut.
489 2963 669 3042 242-244.
693 2971 775 3036 Tim.
786 2967 844 3037 12:
867 2969 983 3060 quibus
1005 2968 1137 3056 quidem

106 3067 188 3133 locis
220 3090 324 3154 paene
356 3069 469 3136 eadem
504 3072 670 3159 utriusque
702 3073 868 3160 scriptoris
902 3071 1002 3137 verba
1032 3069 1085 3135 hic
1100 3091 1137 3154 ,a

108 3169 204 3234 nobis
224 3173 373 3257 apposita
395 3169 563 3258 leguntur:
638 3257 640 3262 Ι

178 3426 203 3496 1)
223 3415 359 3506 Nonnulla
378 3427 504 3494 quaedam
523 3445 620 3498 magna
637 3429 779 3484 verborum
797 3432 875 3500 copia
890 3429 1002 3499 praebat
1013 3429 1051 3483 Le
1063 3399 1136 3484 Boou

107 3515 150 3564 in:
168 3512 247 3565 Mem.
264 3513 297 3565 de
314 3513 412 3566 l’aoad.·
426 3513 472 3565 des
489 3515 612 3583 inscript.
628 3519 655 3568 et
671 3515 735 3569 boll.
748 3518 819 3569 lettr.
854 3516 907 3570 vol.
918 3511 1005 3569 XXX.
1023 3517 1136 3573 w-aa.

176 3601 204 3665 2)
224 3599 344 3652 snffiust
364 3600 445 3652 unius
466 3600 586 3653 attuflm
605 3599 746 3670 Amphidis
769 3617 862 3656 versus
884 3600 1135 3672 ap.Athen.X111.

107 3699 134 3751 p.
151 3683 219 3736 sort·
1059 3702 1063 3712 “
