2898 5000
572 365 614 436 13

76 557 162 625 chio
185 557 373 643 peregrinos
393 558 618 639 transvexisse,
651 577 724 622 cum
752 554 849 621 ceteri
872 577 983 622 omnes
1007 555 1102 642 scrip-

75 669 173 726 tores
187 659 284 724 Lesbi
307 681 423 725 nomen
443 655 618 738 tradantl).
643 697 680 708 -
716 657 866 744 Philippo
890 656 1102 723 Macedonum

77 763 147 846 regi
174 783 241 824 non
265 759 453 845 Olynthum,
486 770 523 832 ut
548 769 658 826 narrat
678 759 841 824 Lucienus
871 757 922 834 De
945 759 1027 825 Hiss
1051 753 1103 839 38,

79 862 138 926 sed
159 861 345 925 Methonam
367 859 527 926 obsidenti
560 860 685 926 oculum
721 883 740 924 a
770 859 932 943 sagittario
963 858 1103 944 quodem

77 983 265 1049 percussum
299 981 368 1026 esse
400 961 495 1026 docet
526 965 655 1027 testium
682 961 830 1026 cumulus
853 961 894 1026 ab
917 961 1102 1024 Hermanno

79 1071 298 1128 coacervatus.
315 1097 355 1110 -·-
375 1063 426 1127 De
441 1062 526 1130 Hist.
541 1059 582 1128 21
605 1055 733 1150 Ὀσρόης
749 1061 833 1126 idem
848 1060 943 1126 homo
960 1070 1102 1141 vocatur,

79 1186 179 1251 quem
199 1161 350 1228 Alexand
375 1157 417 1232 27
438 1157 613 1250 Ὀθρυάδην
633 1157 811 1229 nominavit
820 1165 855 1242 2).
872 1197 911 1212 ·-
930 1162 1026 1228 Hane
1047 1184 1103 1227 no·

79 1266 218 1330 minium
238 1264 372 1348 copiam,
395 1265 429 1328 in
452 1264 569 1350 quibus
583 1265 747 1330 Lucienus
767 1263 972 1348 neglegentia
995 1263 1104 1349 lapsus

81 1375 140 1446 est,
164 1367 191 1430 si
213 1366 283 1451 quis
304 1366 429 1430 sincere
451 1363 641 1448 considerat,
663 1367 769 1452 potius
788 1365 956 1432 nobiscum
978 1365 1012 1428 in
1033 1385 1104 1428 eam

80 1467 273 1533 sententiam
310 1466 506 1543 adducetur,
542 1476 578 1530 ut
609 1469 800 1548 existumet,
837 1475 944 1532 nostro
977 1487 1105 1552 quoque

81 1567 154 1632 loco
177 1569 307 1632 nomina
329 1577 523 1633 commutata
546 1591 626 1651 esse,
661 1589 757 1654 quam
777 1568 957 1633 Lucienum
977 1589 1019 1632 ex
1041 1566 1103 1631 alio

80 1667 222 1755 quodam
258 1669 347 1736 fonte
378 1671 473 1736 nobis
505 1691 571 1735 non
606 1661 732 1734 eervato
765 1670 982 1735 narrationem
1014 1666 1104 1732 illam
1150 1681 1152 1686 '

80 1767 228 1834 hausisse
238 1773 272 1847 3).

167 1886 450 1953 Anacreontem
475 1886 653 1952 aLuoiano
668 1889 779 1973 magni
796 1885 915 1952 factum
937 1908 1016 1970 esse,
1040 1887 1105 1951 iam

81 2011 180 2074 supra
200 1989 350 2054 vidimus.
394 1989 529 2053 Luciani
550 1998 693 2073 tempore
714 1991 857 2054 carmina
878 1991 945 2073 ejus
966 1988 1106 2053 lectitata

82 2111 155 2154 esse
180 2113 238 2154 nos
262 2090 356 2155 docet
376 2089 487 2176 Symp.
512 2111 539 2154 o.
563 2086 614 2171 17,
647 2089 704 2154 ubi
727 2088 824 2154 homo
847 2089 977 2175 quidam
1000 2089 1105 2154 ebrius

82 2213 196 2256 versus
218 2193 286 2276 ejus
309 2211 381 2255 oum
394 2191 526 2255 Pindari
543 2200 575 2255 et
589 2190 732 2256 Hesiodo
756 2189 890 2255 ridiculo
910 2191 1005 2256 modo
1021 2211 1105 2256 com-

82 2293 203 2370 miscet,
225 2294 257 2355 in
272 2291 433 2378 parodias,
448 2301 483 2356 ut
497 2292 633 2374 videtur,
648 2313 702 2356 eos
719 2291 922 2378 detorqueas,
944 2291 1034 2377 cujus
1057 2293 1105 2355 rei

82 2391 266 2478 analogiam
300 2393 454 2479 praebent
487 2393 623 2458 Luciani
644 2392 718 2478 Jup.
750 2391 909 2477 Tragoed.
931 2413 957 2459 c.
979 2391 998 2455 1
1021 2401 1053 2455 et
1072 2386 1103 2456 2.

168 2510 343 2574 Pindari
366 2513 541 2575 carminum
563 2511 661 2596 longe
676 2510 926 2597 pulcherrimum
941 2508 1104 2573 Lucienus

82 2609 217 2674 duxisse
252 2611 381 2676 videtur
413 2611 531 2701 olymp..
554 2613 580 2690 1,
613 2611 652 2679 cf.
680 2609 807 2677 Galat
840 2621 872 2676 et
904 2610 1030 2678 Timon.
1051 2606 1105 2690 41,

83 2733 182 2797 quem
205 2711 309 2776 locum
332 2711 414 2777 bene
436 2715 608 2799 explicavit
629 2713 709 2780 Tan.
726 2712 830 2778 Faber
847 2711 934 2799 (Not.
951 2721 982 2776 et
995 2712 1106 2776 Anim-

82 2812 156 2881 adv.
180 2815 214 2876 in
237 2813 315 2882 Luc.
339 2814 433 2890 Tim„
466 2815 530 2879 vol.
553 2815 577 2879 Ι.
607 2837 640 2900 p.
663 2811 726 2880 879
750 2815 813 2879 edit
847 2814 962 2894 Amt.)
973 2813 1008 2892 ⁴).
1053 2812 1105 2876 Ex

82 2913 214 2999 reliquis
235 2915 367 2980 Pindari
395 2915 564 2981 virtutibus
588 2915 751 2982 Lucienus
781 2923 936 2980 memorat
967 2917 1036 3000 ejus
1058 2937 1106 2979 ar·

82 3022 149 3079 tem
172 3007 313 3102 epitheta
334 3027 408 3104 apte
429 3017 584 3088 addendi:
609 3017 713 3102 Imag.
735 3013 766 3100 8,
789 3038 884 3102 porro
907 3016 1105 3082 laudationes

70 3341 74 3350 Ι
158 3275 181 3336 1)
199 3271 237 3322 Cf.
256 3272 396 3323 Welcker=
426 3275 468 3324 Kl.
491 3274 565 3326 sehr.
583 3275 617 3326 11.
641 3293 667 3342 p.
687 3274 744 3326 106.
786 3275 880 3326 Labra:
914 3275 1007 3340 Popul.
1032 3274 1105 3326 Aufs.

83 3372 110 3421 p.
128 3357 187 3417 210,
208 3357 253 3420 qui
272 3358 382 3408 Luciani
400 3360 485 3410 locum
500 3361 560 3423 jure
579 3375 631 3410 non
649 3362 775 3425 respexit,

153 3460 181 3523 2)
199 3458 362 3522 Quamquam
380 3460 506 3511 hocloco
525 3463 611 3512 nescio
637 3477 670 3511 an
688 3479 747 3513 oum
765 3463 871 3514 Kuhnio
890 3461 923 3512 ad
940 3465 1052 3514 Pausen.
1070 3463 1105 3512 11.

83 3543 161 3606 20,6
192 3559 216 3609 p.
238 3545 285 3594 156
306 3545 484 3612 recipiendum
511 3546 545 3597 sit
572 3543 690 3622 Ὀσρόου
710 3564 757 3613 pro
777 3540 948 3623 Ὀθρυάδου,
969 3549 1002 3598 cf.
1024 3549 1106 3599 Frita·

83 3629 188 3679 echium
206 3627 239 3678 ad
256 3629 352 3680 locum.

154 3730 182 3796 3)
197 3730 233 3781 Ut
251 3731 378 3783 Welkero
395 3731 548 3790 videbatur:
564 3735 608 3784 Kl.
626 3734 699 3784 Schr.
718 3735 739 3785 1.
757 3752 783 3801 p.
800 3737 833 3787 97
855 3739 910 3786 not.
928 3739 970 3788 21.
998 3797 999 3802 ¹

153 3816 181 3880 4)
198 3816 275 3867 Falso
293 3819 379 3868 Moser
396 3819 570 3886 (Programm.
582 3819 677 3884 Gymn.
688 3817 819 3872 [1111111111
838 3836 853 3870 a
868 3822 945 3886 1819)
955 3819 1106 3872 Aristotelia

84 3913 191 3950 carmen
211 3901 245 3954 ab
262 3902 357 3956 Athen.
374 3904 424 3955 XV
442 3906 508 3955 696ιι
527 3910 659 3957 serratum
677 3905 774 3972 respici
790 3909 874 3970 putat.
