2972 4978
866 287 888 358 ⁸

365 483 471 563 poeta,
500 483 608 540 utrum
631 496 758 540 carmen
779 479 868 562 prius
891 476 1111 560 composuerit,
1143 474 1220 560 quid
1240 474 1431 560 judican,²

367 578 443 643 dum
467 579 509 643 sit
531 575 571 640 do
592 576 702 642 Iliadis
726 577 817 643 initio
826 582 866 661 ¹);
899 586 1061 663 postremo
1085 575 1243 641 Zenodoti
1267 585 1300 640 et
1326 577 1445 640 Ari-¹

367 678 485 744 starchi
506 676 709 764 disciplinam
731 677 871 762 sugillat,
891 676 1026 762 frigidos
1040 679 1186 742 homines
1201 676 1314 741 dicens
1333 699 1425 756 core,

366 782 420 868 qui
452 779 496 843 dc
530 778 667 864 singulis
700 780 846 844 versibus
878 788 934 845 aut
955 778 1110 843 tollendis
1140 787 1194 844 aut
1214 779 1422 843 retinendis

365 882 546 967 disputent:
581 880 622 945 cf.
660 881 701 945 de
728 880 779 945 his
808 879 958 945 omnibus
979 879 1055 945 Ver.
1078 880 1162 947 Hist.
1185 879 1227 944 Il.
1245 872 1299 949 20.
1351 879 1421 944 Si-

363 983 432 1047 mili
465 983 590 1046 ratione
624 983 658 1046 in
692 983 755 1048 Pro
788 981 847 1050 Im.
870 978 913 1046 24
934 1003 1040 1068 neque
1062 1003 1145 1064 eum,
1178 981 1235 1066 qui
1257 981 1418 1046 Homeri
1444 1005 1445 1028 1

364 1085 538 1169 imaginem
561 1082 790 1164 verberaverit,
814 1105 919 1170 neque
939 1082 1040 1163 illum,
1075 1084 1129 1169 qui
1154 1080 1256 1146 obolis
1278 1105 1416 1146 versus

365 1184 520 1271 quosdam
543 1184 730 1269 transfigere
753 1206 849 1250 ausus
874 1185 924 1267 sit,
948 1187 1119 1271 quicquam
1143 1183 1315 1269 decerpere
1339 1206 1413 1269 po-

364 1288 463 1352 tuisse
478 1285 557 1351 dicit
580 1285 621 1349 de
637 1306 754 1351 corona
771 1306 915 1372 ,semper
928 1285 1071 1351 florentis
1091 1285 1258 1350 Homeri.“
1275 1323 1317 1333 -
1343 1285 1410 1348 Ex

366 1388 425 1470 his,
449 1409 534 1473 quae
552 1386 649 1450 modo
672 1389 890 1473 exposuimus,
914 1386 1112 1472 intelligitur,
1135 1387 1232 1452 etiarn
1254 1384 1408 1451 Luciani

366 1497 469 1554 aetate
498 1488 575 1552 satis
605 1509 724 1572 magno
754 1487 885 1574 quidem
913 1487 1019 1554 studio
1049 1488 1251 1573 quaestiones
1273 1488 1408 1552 Home-

366 1591 448 1669 ricas
472 1611 492 1652 a
514 1587 682 1673 permultis
705 1596 856 1654 tractatas
879 1611 958 1672 esse,
987 1611 1028 1652 ex
1051 1587 1154 1653 altera
1176 1596 1284 1652 tamen
1301 1597 1406 1674 parte

364 1688 420 1754 illa
455 1688 560 1754 studia
596 1691 726 1754 omnino
757 1698 939 1777 contempta
972 1700 1003 1754 et
1033 1711 1091 1776 pro
1115 1688 1259 1754 futilibus
1281 1689 1404 1755 habita

365 1811 435 1855 esse
457 1789 497 1854 ab
520 1791 576 1872 eis,
601 1792 666 1876 qui,
688 1812 763 1856 cum
785 1793 819 1854 in
834 1791 974 1878 vulgatis
989 1790 1150 1856 erroribus
1165 1811 1296 1854 manere
1312 1791 1399 1854 mal-

363 1900 442 1968 tent‚
467 1914 487 1956 a
508 1891 562 1960 Fr,
584 1891 623 1956 A.
646 1891 764 1957 Wolfio
776 1892 802 1976 ²)
824 1893 1056 1979 superstitionis
1078 1891 1242 1978 cujusdam
1265 1893 1400 1977 patroni

360 1993 435 2078 jure
471 1991 625 2078 appellati
659 2002 743 2058 suut.
776 2031 818 2042 —
852 1993 980 2058 Deinde
1008 1994 1183 2059 certissima
1207 1994 1400 2079 conjectura

365 2094 491 2178 assequi
512 2115 698 2178 possumus,
730 2095 786 2159 illo
814 2117 877 2182 quo
900 2094 1040 2159 diximus
1059 2103 1203 2180 tempore
1224 2095 1398 2180 opiniones

363 2215 474 2258 eorum
492 2195 775 2278 grammaticorum
801 2198 856 2282 qui
878 2203 1035 2260 vocantur
1057 2194 1089 2259 oi
1110 2195 1303 2280 χωρίζοντες,
1326 2196 1396 2260 Xe-

362 2296 456 2358 nonis
485 2295 557 2359 dico
587 2304 619 2360 et
643 2295 813 2377 Hellanici,
847 2318 976 2381 prorsus
1006 2295 1170 2380 neglectas
1196 2318 1300 2382 paene
1327 2299 1397 2362 iam

363 2397 547 2462 evanuisse:
587 2419 662 2461 nam
694 2399 720 2462 si
746 2420 800 2462 eas
830 2407 1010 2484 compertas
1031 2397 1195 2463 habuisset
1215 2397 1397 2480 Lucienus,

364 2499 419 2584 qui
440 2505 545 2583 potest
568 2497 726 2579 dubitari,
759 2501 836 2585 quin
856 2499 929 2563 loco
949 2499 1090 2562 maxime
1112 2508 1186 2584 apto
1208 2501 1264 2584 qui
1286 2509 1337 2564 est
1360 2502 1396 2563 in

363 2598 438 2663 Ver.
463 2598 548 2666 Hist.
571 2595 623 2664 11.
648 2593 689 2665 21
707 2600 801 2685 jocos
824 2600 947 2685 aliquos
970 2601 1004 2662 iu
1027 2599 1100 2664 illos
1125 2599 1312 2665 effudisset?

448 2699 613 2764 Postremo
647 2699 843 2779 addendum,
877 2700 1002 2765 duobus
1024 2700 1162 2766 Luciani
1196 2701 1275 2767 locis
1307 2724 1396 2767 com-

363 2801 532 2867 memorari
560 2799 719 2884 Margiten
749 2823 768 2865 a
799 2801 960 2866 veteribus
982 2801 1124 2867 Homero
1149 2799 1312 2884 tributum,
1350 2806 1398 2869 ita

362 2911 480 2984 tamen,
501 2910 538 2966 ut
561 2902 729 2990 dijudicari
759 2925 826 2967 uon
847 2904 966 2988 possit,
999 2914 1107 2968 utrum
1131 2906 1237 2992 ipsum
1261 2927 1395 2970 carmen

363 3003 478 3088 legerit
492 3002 664 3087 Lucienus,
687 3027 729 3069 au
751 3028 769 3069 e
784 3004 956 3090 proverbio
976 3027 1092 3070 nomen
1109 3008 1178 3092 ejus
1194 3010 1395 3092 cognoverit.

363 3106 402 3170 ln
422 3105 630 3193 proverbium
659 3107 745 3171 enim
775 3106 893 3171 abiisse
918 3105 1077 3190 Margitae
1108 3107 1276 3172 stultitiam
1298 3107 1396 3173 docet

362 3205 506 3292 Apostol.
529 3205 633 3272 ΧΙ.4
667 3201 829 3300 (Paroem.
863 3207 919 3275 Gr.
956 3207 1005 3275 ed.
1038 3208 1078 3275 Ε.
1112 3206 1154 3271 de
1186 3207 1327 3272 Leutsch
1362 3219 1395 3272 et

364 3306 514 3376 Schneid.
541 3307 604 3377 vol.
628 3308 673 3378 ΙΙ.
703 3331 736 3394 p.
758 3305 851 3391 517);
884 3308 949 3374 alia
970 3309 1105 3394 praebet
1129 3308 1301 3375 Welcker:
1335 3310 1392 3378 Kl.

363 3407 455 3478 Schr.
478 3408 536 3474 IV.
556 3432 588 3495 p.
610 3405 662 3478 30.

433 3666 458 3730 1)
475 3665 515 3718 Gi.
532 3666 576 3718 Fr.
594 3667 629 3716 Δ.
644 3663 736 3716 Wolfii
754 3664 860 3731 Proleg.
883 3666 916 3718 ad
936 3667 1079 3718 Homerum
1104 3682 1131 3732 p.
1148 3665 1258 3720 cmv
1275 3669 1331 3717 not.
1349 3667 1391 3737 90,

431 3751 458 3816 2)
479 3750 562 3803 Wolf.
586 3751 604 3803 l.
623 3765 646 3806 c.
670 3766 732 3818 pag.
750 3750 848 3802 XXXI.
883 3751 923 3804 De
950 3754 1103 3812 criticorum
1130 3751 1235 3804 litantia
1264 3765 1280 3802 a
1303 3749 1392 3807 multis

362 3835 519 3914 reprehensa
536 3835 570 3890 ci.
588 3836 625 3890 ib.
643 3851 706 3903 pag.
726 3835 877 3890 CCXXXV.
