2898 5000
530 372 572 442 15

24 563 61 628 in
88 584 129 628 eo
155 543 440 649 reprehendebant.
482 560 672 628 Plutarchus
686 563 719 644 ¹),
740 567 778 626 ut
798 581 898 625 unum
921 559 1062 643 afferam,

23 665 247 750 Aristophani
278 663 376 748 longe
404 657 527 749 praefat
553 663 777 746 Menandrum,
810 671 846 727 ut
880 663 934 748 qui
963 661 1062 726 multo

24 767 169 852 politior
191 775 288 852 atque
303 765 479 849 elegantior
499 765 550 834 sit.
595 764 715 831 Contra
728 764 904 846 Lucienus,
924 764 982 828 etsi
996 785 1063 828 non

28 870 81 932 ita
103 888 203 954 saepe
226 869 329 954 ipsum
353 874 481 952 poetam
505 875 661 932 memorat
681 889 742 932 nec
765 867 874 932 multis
894 864 1002 930 verbis
1023 862 1064 928 de

28 971 109 1056 ejus
133 971 167 1032 vi
188 969 314 1054 poetica
343 968 486 1053 exponit,
519 975 606 1033 tanto
628 977 734 1033 tamen
760 968 863 1033 studio
886 969 920 1032 in
942 967 1064 1032 Aristo·

26 1071 148 1156 phane
182 1069 355 1134 lectitando
388 1069 607 1156 imitandoque
634 1069 833 1152 versabatur,
868 1078 904 1133 ut
925 1089 998 1133 eum
1023 1090 1065 1132 ex

28 1171 258 1258 Aristophane
271 1179 372 1236 totum
387 1169 529 1256 pendere
537 1171 612 1258 jure
628 1171 725 1235 dicas.
748 1171 860 1256 Ipsum
871 1169 1064 1246 Lucianum‚

31 1282 242 1360 quantopere
253 1294 295 1338 ex
309 1271 474 1338 comoedia
486 1294 661 1359 suspensus
672 1273 721 1350 sit,
740 1274 874 1336 minime
884 1271 1002 1337 infitias
1019 1273 1066 1336 ire

33 1374 223 1460 complures
240 1373 355 1438 docent
374 1373 446 1440 loci.
489 1374 663 1458 Dialogum
682 1374 767 1439 enim
782 1375 949 1454 comicum,
971 1395 1065 1460 quem

32 1499 55 1539 a
80 1497 118 1539 se
141 1477 308 1540 inventum
329 1475 484 1560 glorietur
504 1475 609 1543 Prom.
634 1498 668 1540 es
689 1475 743 1543 fin.
760 1475 857 1544 Dion.
876 1471 908 1558 5,
930 1478 1066 1540 mixtum

35 1576 121 1640 dicit
147 1597 275 1641 esseae
297 1575 472 1642 conflatum
493 1590 535 1642 e'x
557 1576 683 1642 duobus
705 1576 884 1662 generibus,
911 1599 983 1641 cum
1004 1576 1067 1640 alia

35 1679 216 1762 sumpserit
237 1699 256 1741 a
276 1677 404 1762 dialogo
420 1677 654 1766 philosophico,
677 1677 766 1764 quali
780 1678 935 1764 imprimis
955 1677 1067 1742 Socra·

35 1780 97 1842 tici
121 1781 173 1844 usi
195 1780 268 1860 rint,
293 1777 358 1844 alia
380 1780 585 1845 ecomoedis'
600 1781 634 1844 in
648 1779 769 1844 rivulos
787 1800 862 1844 suos
877 1778 1067 1862 deduxeritr

37 1880 80 1948 ol
105 1881 214 1945 Prom.
235 1875 257 1945 5
288 1881 344 1946 Bis
366 1901 468 1949 accus.
491 1876 534 1946 33
563 1881 632 1962 (ubi
653 1879 882 1946 attendendum
906 1879 948 1945 sd
968 1878 1069 1944 verba

39 1985 258 2066 συγκαθεῖρξε
284 1978 322 2046 τὸ
354 1981 490 2064 σκῶμμα
517 1984 569 2048 καὶ
604 1979 661 2048 τὸν
691 1982 807 2066 ἴαμβον
831 1984 884 2048 καὶ
911 1977 1069 2064 κυνισμὸν

38 2086 98 2148 καὶ
118 2079 176 2147 τὸν
193 2079 342 2148 Ἐνιτολιν
364 2085 417 2147 καὶ
438 2077 698 2170 Ἀριστοφάνην).
741 2083 808 2149 Sed
830 2093 1005 2170 antequam
1027 2082 1069 2148 ad

42 2185 272 2270 exponendam
294 2185 518 2270 Aristophanis
541 2185 753 2250 imitationem
775 2185 957 2250 sLuciano
978 2185 1069 2248 insti·

40 2295 148 2350 tutam
167 2287 402 2371 perveniamus,
433 2307 552 2371 paucos
580 2286 654 2350 illos
677 2287 764 2352 locos
787 2309 980 2362 enarremus,
1012 2284 1070 2348 ubi

42 2388 211 2452 Lucienus
228 2387 387 2474 judicium
409 2409 501 2451 suum
524 2387 654 2472 profert.
700 2387 843 2466 Quorum
860 2387 1070 2473 gravissimus

43 2497 94 2553 est
117 2491 151 2552 in
170 2488 251 2556 Adv.
270 2487 348 2573 lad.
366 2484 418 2570 27,
452 2491 574 2575 quippe
595 2491 650 2576 qui
668 2509 828 2554 summum
850 2497 977 2576 poetam
1001 2487 1071 2550 Ari-

43 2592 241 2678 stophanem'
260 2611 281 2653 a
300 2589 444 2654 Lucieno
467 2589 611 2654 habitum
631 2612 701 2655 esse
724 2591 810 2656 clare
833 2591 989 2658 ostendat.
1031 2588 1071 2654 In

42 2693 104 2758 illo
128 2694 227 2778 igitur
247 2692 352 2777 capite
375 2692 509 2777 scriptor
528 2715 571 2756 ex
584 2691 715 2757 homine
736 2694 796 2757 isto
811 2693 951 2774 indocto,
975 2711 1071 2778 quem

44 2793 271 2878 castigandum
303 2792 365 2858 sibi
388 2795 564 2879 proposuit,
599 2795 738 2880 quaerit,
769 2815 926 2881 quosnam
946 2793 1073 2880 potissi-

44 2917 138 2960 mum
159 2891 271 2961 libros‘
279 2893 438 2980 perlegat3
459 2888 577 2960 deinde
591 2897 728 2982 optimos
743 2895 940 2981 singularum
955 2896 1072 2960 artium

45 3005 194 3062 auctores
215 3005 381 3072 memorat,
404 2996 647 3062 exoratoribus
670 2998 873 3079 Aeschinem,
896 2995 1073 3082 ephiloso-

44 3099 121 3185 phis
143 3097 311 3164 Platonem
335 3106 366 3162 et
379 3097 610 3178 Antisthenem,
632 3121 651 3162 e
671 3101 775 3185 poetis
798 3099 944 3165 iambicis
961 3096 1073 3162 Archi-

46 3199 180 3264 lochum
212 3209 243 3264 et
274 3200 524 3288 Hipponactcm,
561 3222 580 3264 e
606 3203 740 3266 'comicis
761 3200 1007 3286 Aristophanem
1041 3206 1074 3262 et

46 3301 202 3387 Eupolis.
245 3300 373 3366 Deinde
393 3301 471 3366 locis
492 3304 575 3367 inter
595 3324 630 3366 se
645 3302 814 3366 simillimis
828 3301 910 3370 Pisc.
926 3295 978 3370 25.
1015 3299 1073 3364 Bis

48 3425 119 3470 acc.
140 3396 183 3466 33
204 3401 277 3466 illos
299 3412 409 3488 poetas
431 3425 574 3491 —quos
598 3403 729 3489 quidem
746 3425 873 3489 semper
887 3401 1073 3488 conjunctos

49 3514 279 3570 commemorat
292 3543 334 3554 ·-
353 3507 435 3569 mira
457 3504 534 3569 dicit
555 3504 745 3586 excelluisse
766 3507 799 3570 vi
821 3507 856 3569 in
874 3504 1074 3589 gravissimis

48 3606 234 3693 quibusque
256 3608 351 3674 rebus
373 3605 567 3678 deridendis.
709 3595 710 3600 ἵ

122 3833 147 3896 1)
165 3830 204 3882 Of.
221 3831 292 3882 Plut.
307 3787 448 3906 Σιῦγιρισις
464 3825 687 3906 Ἀριστοφάνους
703 3831 752 3883 καὶ
769 3821 935 3906 Μινάνδρνυ
951 3829 1076 3896 (Moralia

50 3915 92 3966 ed.
113 3914 250 3981 Wyttenb.
267 3920 321 3970 vol.
342 3918 391 3984 IV)
409 3918 495 3970 Aliter
508 3917 641 3982 iudicavit
658 3917 748 3980 Quint.
766 3918 800 3969 X.
822 3919 844 3981 l,
862 3917 905 3968 65.
