2972 4978
871 308 914 379 28

379 496 434 564 dia
464 497 672 585 depromptus
685 491 710 589 ¹)
743 499 866 565 citatur.
910 500 1081 565 Praeterea
1108 517 1172 560 uno
1199 496 1313 562 saltem
1337 496 1413 562 loco

378 598 559 664 Lucienum
595 601 753 665 imitatum
785 624 855 668 esse
878 600 1047 666 Alexidem
1076 598 1287 663 demonstrari
1310 620 1412 683 posse

379 698 485 765 oredo.
528 700 568 764 In
591 701 771 786 fragmento
794 704 879 769 enim
901 703 1019 788 leporis
1039 703 1136 787 pleno
1160 700 1248 786 quod
1263 701 1412 765 servavit
1471 745 1472 768 η

378 801 494 872 Athen.
517 802 573 868 Vl.
595 797 671 868 224¹
704 802 817 870 Alexis
851 805 996 870 homines
1031 802 1186 891 quosdam
1222 800 1410 868 fastidiosos
1471 793 1472 796 ¹

379 902 457 970 dicit

729 998 1065 1092 ...vde-mppria

638 1107 772 1189 ἔχοντας
792 1104 900 1173 ἐπάνω
919 1109 976 1193 τῆς
995 1111 1143 1198 κορυφῆς.

379 1207 482 1274 Simili
516 1208 645 1275 dicendi
675 1210 798 1274 ratione
825 1208 986 1275 Lucianus
1018 1211 1060 1277 ad
1084 1212 1289 1280 indicandam
1323 1234 1405 1276 sum-

379 1333 464 1376 mam
500 1332 563 1397 qua
596 1312 667 1398 quis
698 1310 829 1377 inflatus
862 1318 910 1376 est
931 1311 1114 1399 superbiam
1147 1317 1181 1378 in
1201 1313 1287 1380 Dial.
1311 1312 1402 1381 Mort.

378 1408 461 1481 Χ.9
494 1414 609 1479 utitur:
652 1422 786 1499 rogante
821 1415 906 1478 enim
939 1412 1106 1502 Menippo:
1146 1415 1256 1500 βούλει
1289 1405 1404 1500 μικρὸν

378 1508 543 1599 ἀφέλωμαι
565 1515 618 1581 καὶ
636 1517 700 1582 τῶν
723 1511 868 1601 icosium
889 1516 1026 1582 Hermes
1048 1517 1238 1605 respondet:
1257 1518 1402 1601 μάλιστα·
1472 1599 1473 1614 χ

378 1614 460 1704 ὑπὲρ
483 1614 521 1683 τὸ
542 1624 695 1702 μέιωπον
716 1613 777 1702 γὰρ
798 1619 851 1683 καὶ
871 1619 987 1690 ταύτας
1008 1615 1187 1705 ἐπῆρκεν).
1472 1619 1473 1648 ³

464 1718 668 1806 Quamquam
699 1721 796 1804 igitur
828 1741 989 1806 perpauca
1020 1730 1145 1786 tantum
1180 1744 1197 1786 e
1224 1721 1332 1786 media
1355 1743 1403 1786 oo·
1472 1749 1473 1758 ¹

379 1817 507 1887 mo'edia
530 1821 701 1908 desumpta
735 1823 769 1885 in
799 1822 936 1887 Luciani
965 1822 1093 1908 scriptis
1115 1822 1270 1908 indagare
1294 1844 1404 1907 possu-

380 1944 461 2006 mus,
480 1925 621 2007 graviter
635 1932 742 1988 tamen
758 1923 935 2010 decipietur
949 1924 988 2005 is,
1011 1925 1066 2010 qui
1081 1923 1173 1989 illum
1188 1946 1255 1989 non
1271 1923 1402 1988 multum

380 2045 509 2089 curasse
532 2025 731 2090 comoediam
750 2025 886 2090 mediam
902 2026 1070 2110 putaverit,
1115 2026 1207 2090 Haec
1228 2025 1402 2089 enimcum

380 2127 413 2191 in
437 2125 539 2190 tribus
561 2127 761 2212 potissimum
785 2125 880 2190 rebus
903 2127 1136 2210 pertractandis
1158 2135 1348 2204 versaretur,
1371 2126 1402 2189 in

381 2227 483 2314 poetis
505 2234 536 2291 et
557 2228 640 2292 vivis
662 2237 694 2292 et
714 2226 875 2314 prioribus
894 2227 1111 2312 recensendis,
1135 2230 1170 2292 in
1189 2228 1279 2313 vulgi
1296 2249 1422 2314 super.

382 2328 562 2394 stitionibus
577 2327 775 2412 refellendis,
798 2331 832 2395 in
846 2328 1109 2416 philosophorum
1124 2331 1252 2417 ineptiis
1276 2339 1309 2394 et
1323 2351 1403 2394 vana

381 2431 593 2496 ostentatione
603 2421 766 2497 irridenda
776 2433 812 2514 ³),
825 2453 961 2518 cumque
972 2430 1137 2496 Lucienus
1148 2453 1280 2518 prorsus
1294 2431 1402 2496 eadem

381 2539 569 2616 argumenta
603 2534 728 2620 scriptis
762 2535 828 2597 suis
863 2532 1045 2610 illustraret,
1080 2531 1168 2598 haud
1196 2535 1266 2598 sine
1297 2533 1403 2620 aliqua

380 2633 525 2699 veritatis
547 2636 656 2720 speeie
678 2635 782 2720 possis
805 2635 977 2722 conjicere,
1009 2634 1168 2722 permulta
1186 2634 1402 2700 Lucianume

381 2733 506 2800 mediae
543 2735 729 2802 comoediae
762 2738 865 2822 poetis
888 2735 1043 2820 hausisse,
1076 2759 1159 2824 quae
1181 2745 1300 2818 tamen,
1333 2758 1401 2800 cum

380 2836 429 2902 nil
457 2836 632 2902 habeamus
661 2839 723 2902 nisi
742 2838 924 2925 fragmenta
946 2838 1054 2904 lacera
1081 2860 1120 2903 eo
1143 2838 1288 2926 disjecta,
1319 2861 1402 2903 nunc

381 2937 470 3004 nullo
492 2948 586 3026 pacto
613 2942 791 3006 accuratius
813 2941 1008 3026 investigare
1029 2939 1148 3020 licet⁴l.

451 3183 478 3245 1)
495 3180 602 3247 Fragm.
619 3181 670 3231 Ine.
688 3179 813 3230 XXXIII.
831 3179 912 3230 Mein.

450 3268 477 3332 2)
504 3266 582 3316 Hunc
614 3265 642 3314 ni
674 3265 754 3317 fallor
780 3266 867 3317 locum
895 3265 1021 3315 Amorum
1051 3267 1144 3315 auctor
1171 3263 1289 3329 respexit
1317 3279 1339 3313 o.
1358 3264 1401 3312 54:

381 3346 601 3426 μετοωρολέσχαι
623 3341 651 3402 δὲ
674 3351 722 3402 καὶ
744 3337 807 3403 ὅσοι
828 3342 880 3416 τὴν
897 3347 1070 3418 φιλοσοφίας
1094 3340 1186 3424 ὀφρύν
1209 3343 1273 3422 ὑπὲρ
1300 3338 1402 3408 αὐτούς

381 3429 448 3501 τούς
464 3430 627 3514 κροτάφους
647 3431 818 3512 ὑπερήρκασι.

449 3525 477 3586 3)
495 3521 618 3573 Meineke
638 3521 708 3574 Hist.
727 3522 784 3573 crit.
805 3521 863 3574 278.
882 3522 942 3573 285.
960 3522 1009 3572 287
1030 3536 1067 3585 sq.

450 3611 478 3672 4)
497 3608 528 3658 In
546 3607 705 3674 Antiphanis
723 3599 859 3676 Διδύμοις
877 3606 1181 3672 (Mein.111,p.45),ut
1198 3603 1328 3654 nonnulla
1344 3602 1403 3653 affe·

380 3709 478 3757 remus,
490 3694 567 3760 plane
575 3693 682 3745 ‘caedem
695 3694 870 3760 cogitationes
885 3697 964 3757 atque
975 3693 1002 3740 in
1013 3691 1123 3741 Luciani
1134 3689 1254 3740 Parasito
1266 3688 1402 3756 leguntur:

381 3782 539 3847 quapropter
559 3779 609 3830 hae
626 3780 669 3831 vel
687 3779 769 3830 simiIi
786 3779 875 3844 aliqua
895 3776 985 3830 sabula
1003 3776 1158 3842 scriptorem
1178 3789 1254 3826 usum
1275 3789 1330 3824 esse
1345 3774 1404 3838 Jure

380 3864 446 3918 mhi
464 3865 556 3918 videor
573 3863 737 3918 concludere.
773 3865 812 3918 Gi.
833 3863 926 3930 iragm.
946 3861 1065 3913 Alexidis
1083 3878 1125 3928 ap.
1137 3861 1218 3912 Mein.
1237 3859 1285 3912 111.
1305 3874 1332 3925 p.
1344 3859 1402 3910 433.
