2898 5000
834 361 886 443 e's

344 547 581 644 ‹cum‚'nsr1ue
598 567 837 639 conmemorat,
859 577 919 625 nec
936 545 1106 646 Sophoclis
1120 547 1328 624 mendenen
1345 557 1386 623 le

341 663 408 728 cisi
426 662 494 728 nisi
515 659 707 728 brevissime
728 658 778 726 his
799 660 895 728 locis:
932 660 1036 727 Oonr.
1055 655 1111 732 25.
1144 661 1216 727 Per.
1237 659 1338 730 Prot
1359 654 1385 727 3.

348 763 547 852 Aeschylum
569 764 604 829 in
618 762 721 834 Conv.
736 760 779 830 15
798 772 926 850 poetam
948 759 1066 830 oasa
1090 773 1122 829 et
1142 758 1283 843 κάτοχον
1301 759 1384 838 dicit,
1414 769 1415 776 ’

348 865 423 937 add.
447 866 519 932 Per.
542 865 629 934 Prot.
649 859 680 931 3.
721 863 910 952 Euripidem
930 863 1042 952 paullo
1064 865 1187 952 majore
1208 863 1327 930 studio
1349 862 1384 927 ab

346 991 386 1034 eo
413 967 532 1034 lectum
553 987 710 1033 essenon
730 967 966 1049 estmirum1),
999 965 1265 1053 quandoquidem
1292 963 1383 1028 illurn

348 1092 390 1136 ex
411 1069 557 1135 omnibus
584 1069 686 1154 poetis
707 1069 839 1153 tragicis
865 1068 962 1154 longe
986 1067 1126 1133 maxime
1146 1087 1259 1132 aarum
1284 1065 1384 1132 finisse

347 1170 548 1258 posteriobns
571 1168 703 1235 Graecis
727 1171 803 1234 satis
819 1172 981 1249 constatl).
1027 1168 1081 1235 Ad
1102 1167 1269 1255 Euripidis
1291 1167 1382 1234 Tele

347 1272 448 1360 phum
470 1270 606 1338 fortasse
625 1269 815 1336 referendus
837 1279 886 1336 est
909 1268 1010 1355 locus,
1048 1272 1103 1358 qui
1125 1270 1244 1356 legitur
1268 1275 1310 1336 in
1325 1271 1381 1357 Ep.

346 1363 415 1444 Sat.
429 1367 483 1457 28,
505 1373 560 1439 ubi
580 1381 688 1440 vestes
708 1373 851 1458 tragicae
874 1374 1024 1460 apannis
1048 1380 1202 1439 consutae
1223 1374 1380 1460 perstrin-

346 1483 476 1562 guntur,
497 1475 537 1546 ef.
559 1475 713 1562 interppr.
737 1473 779 1540 ad
802 1475 857 1540 Ar.
878 1475 959 1544 Ran.
982 1471 1056 1541 841.

431 1576 562 1644 Deinde
579 1576 702 1642 Achaei
722 1569 835 1642 versus
852 1577 967 1642 citans
987 1578 1022 1640 in
1036 1576 1101 1642 Pro
1112 1576 1210 1662 Lapa.
1226 1569 1258 1640 6.
1297 1574 1378 1660 Aga·

345 1679 451 1745 dionis
465 1677 615 1744 mollities
632 1686 729 1765 atque
749 1677 879 1743 luxuria
898 1678 1082 1763 exagitatur
1102 1678 1136 1741 in
1150 1676 1245 1742 Rhet.
1262 1675 1377 1744 Praee.

347 1778 416 1852 le
438 1779 532 1866 cujus
555 1781 602 1844 rei
615 1781 766 1845 notitiam
780 1777 943 1844 Lucianus
966 1777 1056 1844 haud
1077 1777 1175 1844 dubie
1196 1797 1239 1842 ex
1256 1775 1375 1842 Aristo-

347 1879 465 1968 phanis
480 1879 676 1967 Thesmoph.
700 1884 845 1967 sumpsit.
888 1878 1057 1946 Ridiculae
1071 1878 1222 1966 Dionysii
1246 1879 1375 1966 tyranni

346 1981 532 2069 tragoediae
555 1981 670 2048 acerbe
692 1980 838 2048 ridentur
858 1981 942 2048 Adv.
965 1981 1037 2051 lnd,
1064 1975 1121 2048 15:
1143 2001 1222 2067 quae
1246 1979 1376 2067 quidem

346 2105 366 2150 a
386 2084 534 2150 Luciano
556 2083 657 2150 lectas
685 2105 756 2150 csso
776 2083 948 2151 ostendunt
969 2093 1033 2149 tres
1058 2103 1171 2148 versus
1195 2103 1238 2146 ex
1266 2083 1316 2148 eis
1338 2078 1375 2145 al·

345 2184 410 2250 lati.
453 2183 609 2272 Ejusdem
630 2195 747 2272 poetae
765 2186 846 2250 vitia
867 2185 900 2249 in
922 2182 1071 2250 Oalumn.
1093 2180 1137 2251 14
1158 2185 1274 2270 carpit.

430 2286 531 2354 Vides
554 2309 651 2375 quarn
666 2288 785 2372 exigua
806 2285 849 2350 de
870 2287 960 2372 poesi
974 2287 1097 2372 tragica
1120 2284 1295 2350 cLuciani
1311 2284 1373 2350 dia-

345 2389 428 2474 logis
461 2388 608 2476 exsculpi
637 2390 778 2475 possint:
814 2389 905 2474 cujus
929 2387 975 2452 rei
995 2409 1123 2454 oausam
1144 2389 1172 2452 si
1194 2389 1373 2475 perspicere

344 2489 493 2573 velimus,
510 2490 674 2575 scriptoris
702 2488 829 2555 indoles
852 2487 1032 2575 spectanda
1054 2498 1112 2555 est.
1157 2487 1268 2568 Quum
1291 2489 1371 2554 enin

345 2593 450 2657 omnis
484 2591 625 2676 gravitas
658 2599 756 2679 atquc
785 2589 963 2656 sublimitas
993 2589 1091 2676 longe
1112 2589 1239 2656 abesset
1273 2614 1295 2657 a
1316 2589 1371 2654 Lu·

347 2693 433 2760 ciani
467 2693 598 2779 ingenio
631 2694 698 2758 acri
719 2692 777 2758 illo
801 2691 932 2779 quidem
966 2699 1000 2755 st
1026 2693 1116 2756 tenui
1138 2700 1170 2757 et
1196 2691 1314 2780 Jejuno
1334 2724 1370 2737 -

344 2795 482 2861 alterum
504 2796 590 2859 enim
611 2794 742 2882 Lysiam
767 2815 963 2883 quamquam
982 2793 1013 2858 in
1031 2815 1128 2880 opere
1150 2793 1281 2859 diverso
1303 2813 1370 2858 eum

343 2898 448 2983 possis
477 2895 586 2962 dicere
609 2933 661 2974 -,
696 2893 775 2984 quid
797 2897 924 2975 mirum,
956 2891 1042 2983 quod
1071 2897 1194 2982 tragica
1215 2896 1368 2982 gavina

344 2999 451 3064 minus
473 3007 651 3064 commotus
685 3006 732 3064 est
764 3000 892 3064 animus
915 2995 1009 3084 ejus?
1051 2997 1101 3062 Ea
1123 2999 1158 3062 in
1181 3019 1217 3062 re
1239 3015 1368 3084 prorsus

345 3099 506 3166 consentit
535 3121 609 3164 cum
631 3099 779 3185 Longino
814 3101 861 3165 sic
892 3100 1047 3166 scribenti
1068 3103 1158 3183 (sect.
1175 3094 1235 3164 III.
1259 3099 1367 3184 Egg.):

344 3252 352 3270 .
377 3252 386 3272 .
409 3198 445 3268 ἐν
467 3199 621 3288 repudii,
642 3200 804 3289 πράγματι
825 3197 948 3289 ὄγκηρῷ
972 3198 1068 3286 φύσει
1088 3204 1142 3268 καὶ
1155 3199 1367 3284 ἕπιδεχομένφ

343 3300 506 3388 στόμφονι
529 3312 724 3391 quapropter
746 3300 838 3368 multi
857 3304 891 3367 in
916 3323 954 3368 ea
977 3312 1103 3389 pecaut,
1126 3303 1292 3383 πολλαχοῦ
1316 3293 1366 3386 γὰρ

413 3577 439 3642 1)
457 3575 542 3629 Locos
558 3574 715 3642 Euripideos
732 3591 748 3629 a
765 3575 883 3628 Lucieno
904 3576 999 3630 citatos
1016 3593 1042 3630 r.
1059 3577 1088 3628 in
1109 3575 1200 3629 Indice
1218 3575 1248 3628 id
1265 3572 1365 3634 Jacob..

342 3661 391 3717 nbi
416 3666 504 3714 umen
530 3671 579 3728 pro
598 3657 691 3714 Pseud.
714 3661 746 3715 19
767 3663 821 3730 leg.
839 3659 933 3715 erese
951 3665 999 3716 aas
1032 3677 1112 3732 porro
1132 3662 1167 3716 sd
1184 3659 1294 3738 ‘Opaca
1310 3656 1364 3713 add.

342 3747 407 3816 lup.
424 3740 556 3815 respue
574 3745 617 3800 88.

411 3852 438 3918 2)
457 3850 497 3904 et
515 3864 609 3904 vasus
620 3849 782 3904 Philemonis
798 3855 920 3905 senatos
937 3850 966 3904 in
978 3813 1034 3905 vn.
1045 3850 1138 3918 Eurip.
1154 3851 1276 3915 (Kirchh.
1287 3847 1362 3920 praei.

343 3936 406 3990 seir.
424 3937 489 3992 llus.
509 3951 536 4006 p·
552 3933 614 4006 lx).
640 3935 741 4004 'Quina
758 3937 793 3992 X.
814 3940 829 3990 1
850 3941 873 4004 5.
891 3938 934 3990 69.
