2972 4978
828 360 872 434 22

337 550 504 640 Euripidis
525 571 599 620 oum
616 552 778 639 Aeschylo
801 562 984 641 susceptum
997 552 1142 619 Luciano
1158 560 1234 618 ante
1252 551 1366 618 oculos

338 655 543 720 observatum
565 655 616 723 sit.
660 651 782 720 Eodem
803 678 855 722 res
877 655 1056 722 aLuciano
1076 655 1110 720 in
1125 653 1254 739 Dialog.
1269 653 1364 723 Mort.

337 756 405 825 ΧΠ
426 755 520 822 latius
545 764 702 824 narratur.

423 857 553 923 Deinde
574 858 608 922 in
627 856 707 926 Luc.
726 857 972 944 Icaromenippo
992 858 1153 945 permulta
1174 859 1365 942 investigari

338 966 484 1047 possunt,
517 981 601 1047 quae
634 982 676 1026 ex
709 959 921 1047 Arisopbanis
952 960 1038 1025 Pace
1071 961 1208 1048 scriptor
1239 961 1363 1029 ascivit.

341 1059 509 1148 Trygaeus
531 1062 628 1147 igitur
649 1061 818 1128 edJovem
838 1061 1058 1147 proficiscitur,
1079 1071 1123 1138 ut,
1148 1060 1225 1149 quid
1245 1060 1301 1126 ille
1322 1060 1365 1125 de

340 1161 472 1228 Graecis
496 1165 704 1247 constituerit,
738 1160 885 1249 exploret
906 1163 989 1242 (Pax
1013 1159 1210 1243 loci-loon
1239 1162 1364 1248 Menip-

340 1285 402 1350 pus
424 1263 467 1329 ad
490 1264 576 1329 idem
597 1265 657 1330 iter
675 1264 822 1332 mirabile
844 1287 880 1330 se
897 1266 1047 1348 accingit,
1070 1274 1114 1348 ut,
1137 1267 1214 1352 quid
1232 1264 1273 1330 de
1293 1263 1363 1350 pbi-

339 1364 547 1453 losophorum
561 1366 686 1452 placitis
704 1369 746 1432 sit
755 1365 978 1454 judicandum,
1001 1387 1043 1431 ex
1063 1369 1132 1454 ipso
1146 1367 1229 1432 Jove
1244 1365 1363 1434 audiat.

340 1466 488 1554 (lumque
508 1467 649 1555 Trygaei
670 1467 737 1534 filia
749 1475 872 1555 patrem
887 1469 1070 1554 interroget,
1092 1491 1155 1556 qua
1168 1467 1365 1534 confidentia

339 1570 374 1634 in
409 1569 534 1636 caelum
558 1571 731 1638 scarabaeo
762 1570 838 1638 vehi
867 1569 993 1649 audeat,
1027 1570 1199 1657 respondet
1222 1569 1278 1636 ille
1309 1568 1363 1650 (of.
1480 1599 1481 1608 ¹

339 1691 370 1742 v.
394 1665 579 1760 129.130):

508 1772 545 1842 ἐν
564 1782 670 1844 τοῖσιν
688 1769 853 1842 Ἀισοὸπον
874 1773 979 1857 λόγοις
1001 1770 1159 1859 ἐξευρέθη

510 1875 612 1961 μόνος
632 1877 788 1944 πετεινῶν
809 1876 855 1952 εἷς
875 1869 973 1948 θεοὺς
993 1869 1179 1961 ἆφιγμένοςε

341 1977 531 2064 quibuscum
540 1982 616 2067 jure
632 1980 724 2046 nobis
738 1980 886 2045 videmur
901 1979 1046 2044 conferre
1060 1975 1140 2046 Luc.
1155 1975 1363 2046 Ioarom.10:
1481 1995 1482 1998 ’

341 2075 458 2146 τούτου
483 2079 520 2146 δὲ
546 2105 604 2165 μοι
631 2089 766 2167 παρεῖχε
793 2079 852 2172 τὴν
873 2079 991 2148 ἐλπίδα
1010 2078 1149 2164 μάλιστα
1169 2080 1229 2162 μὲν
1252 2077 1363 2168 pins-

341 2183 453 2264 θομία,
482 2177 594 2249 ἔπειτα
617 2183 654 2249 δὲ
681 2184 734 2248 καὶ
765 2179 784 2247 ὅ
804 2179 976 2265 λογοποιὸς
998 2178 1160 2253 Ἇισωπος
1182 2175 1288 2254 ἀετοῖς
1314 2183 1365 2248 καὶ

341 2281 533 2367 κανθάροις,
564 2281 669 2351 ἐνίοτε
696 2286 749 2350 καὶ
769 2282 919 2370 καμήλοις
939 2280 1078 2368 βάσιμον
1097 2276 1287 2368 ἆποφαλννιν
1308 2277 1365 2349 τὸν

342 2374 489 2469 οὐρανόν.
533 2384 688 2473 Uterque,
708 2386 765 2452 ubi
788 2387 822 2452 in
845 2387 952 2472 ipsum
976 2383 1099 2450 caelum
1120 2392 1301 2471 penetrant,
1331 2386 1365 2449 in

342 2483 535 2551 Mercurium
559 2487 715 2564 incidunt,
750 2490 803 2553 oui
828 2496 993 2574 portarum
1014 2507 1092 2551 cura
1114 2487 1285 2552 commissa
1304 2496 1364 2552 est:

342 2586 479 2656 Icarom.
502 2582 555 2657 22.
598 2588 670 2654 Pax
691 2583 755 2656 180
775 2611 823 2676 sq.
1034 2619 1038 2630 ·

427 2688 468 2754 In
497 2689 660 2777 Aristopb.
688 2691 750 2756 Av.
783 2691 999 2756 Pisthetaerus
1034 2688 1116 2754 falso
1152 2688 1365 2775 chresmologi
1483 2733 1484 2784 ι

344 2789 484 2875 oraculo,
519 2792 609 2879 quod
629 2791 684 2857 ille
714 2814 735 2858 a
756 2791 878 2858 Bacide
896 2791 1076 2878 profectum
1099 2812 1170 2857 esse
1193 2791 1365 2872 contendit,
1483 2785 1484 2838 l

344 2891 479 2958 alterum
494 2895 616 2979 pariter
629 2893 739 2960 fiotum
754 2895 848 2980 quasi
864 2891 1031 2980 parodiam
1047 2892 1211 2979 quandam
1222 2897 1244 2972 ¹)
1262 2895 1365 2958 statim

344 2995 492 3080 opponit:
522 2994 559 3060 cf.
585 3018 616 3064 v.
640 2991 820 3074 {luo-985,
848 2993 924 3064 add.
945 2994 1029 3080 Equ.
1050 2989 1113 3060 997
1135 3017 1183 3080 sq.
1226 2994 1299 3060 Hoc
1323 2995 1366 3059 iu·

343 3103 475 3164 ventum
496 3097 658 3164 Lucienus
679 3098 847 3185 usurpavit
876 3097 910 3162 in
930 3096 1060 3182 Peregr.
1081 3095 1167 3165 Prot
1192 3117 1218 3164 c.
1236 3089 1289 3162 29.
1309 3091 1365 3162 30:

292 3283 294 3286 Ι
345 3219 409 3286 quo
445 3198 517 3266 loco
546 3208 716 3287 postquam
741 3198 887 3287 Sibyllae
915 3196 1091 3280 oraculum,
1124 3197 1165 3263 de
1192 3198 1365 3283 Peregrina

345 3298 479 3370 colendo
502 3301 632 3384 editum,
654 3312 703 3368 est
724 3303 903 3379 recitatum,-
924 3321 1115 3386 responsum
1135 3299 1295 3387 profertur
1308 3299 1367 3364 Ba·

346 3401 435 3484 cidis,
469 3403 526 3489 qui
554 3410 680 3468 tantum
709 3405 800 3471 abest
829 3412 865 3469 ut
891 3401 1032 3468 Graecos
1058 3401 1173 3489 jubeat
1193 3403 1227 3466 in
1248 3402 1367 3469 honore

344 3502 463 3570 habere
497 3505 645 3590 cynicum
675 3506 777 3590 illum,
807 3513 843 3571 ut
876 3503 1043 3592 lapidibus
1071 3525 1146 3570 eum
1168 3503 1366 3570 obruendum

346 3615 484 3671 censeat.

416 3832 441 3897 1)
467 3829 506 3883 (li.
527 3827 624 3881 Moneri
647 3827 792 3882 damnent.
820 3828 853 3881 ds
878 3826 997 3896 parodiis
1021 3828 1131 3881 Graecis
1160 3843 1192 3882 ex
1211 3828 1291 3881 Arist.
1309 3827 1367 3878 Plu-

346 3914 438 3976 arcto
457 3915 521 3976 buc.
541 3913 675 3984 uanas
691 3931 718 3984 p.
739 3917 780 3972 1³.
