2972 4978
528 499 576 584 .ἓρ

45 686 215 755 ἒνθουσιᾶν
233 687 356 764 ἑαυτοῖς
372 685 540 762 δοκοῦ-ντες
562 683 600 755 οὗ
616 685 815 773 βακχεύουσι,
839 685 918 756 ἀλλὰ
938 691 1068 768 παίζου-

44 807 104 857 σιν.
157 789 234 855 Huc
265 788 391 856 aceedit
422 790 508 877 quod
541 790 703 856 Lucienus
737 812 925 878 persuasum
957 791 1071 857 habuit

46 892 212 958 histriones
242 895 275 956 in
297 891 415 957 fabulis
438 891 572 977 agendis
597 913 726 958 omnem
749 914 862 957 sanam
887 891 1071 978 simplicita-

47 1003 108 1058 tem
131 994 224 1080 eujus
253 993 308 1058 ille
330 1001 399 1059 erat
421 995 669 1077 amantissimus,
704 994 748 1059 ita
771 993 905 1080 perdere
926 1002 962 1057 ut
983 1015 1071 1080 spec·

47 1095 196 1164 tatoribus
225 1094 419 1181 praeberent
441 1098 550 1178 θέαμα
576 1093 720 1176 εἰδεχθὲς
740 1096 792 1162 καὶ
812 1094 958 1181 φοβερόν
989 1093 1071 1178 (Sal-

47 1206 99 1264 tat.
117 1191 183 1280 27).
227 1196 335 1262 Primo
357 1197 453 1281 igitur
475 1196 546 1264 loco
567 1206 701 1264 externa
721 1196 913 1263 histrionum
934 1198 1069 1284 species,

47 1320 139 1386 quam
167 1299 202 1364 in
221 1297 398 1383 tragoediis
427 1298 562 1384 agendis
588 1297 750 1384 exhibent,
783 1298 925 1365 Lucieno
954 1319 1072 1386 neque

47 1423 137 1487 quam
161 1399 280 1487 placet.
323 1399 413 1466 Auro
434 1422 473 1466 ao
497 1421 640 1488 purpura
653 1401 678 1487 ¹)
707 1401 852 1486 insignes
879 1402 912 1466 in
941 1421 1071 1468 scenam

47 1501 217 1589 prodeunt:
248 1501 401 1590 Necyom.
424 1499 481 1585 *163
510 1497 626 1568 calceis
647 1502 811 1568 altissimis
831 1523 892 1568 nee
916 1524 981 1568 non
1002 1524 1073 1590 per·

48 1626 124 1669 sona
144 1625 242 1690 super
263 1612 361 1691 eaput
382 1605 577 1692 prominenti
605 1625 722 1691 corpus
756 1625 870 1670 eorum
889 1604 1019 1670 effertur
1038 1605 1072 1670 in

48 1704 298 1792 magnitudinem
313 1705 547 1790 incredibilem,
562 1727 655 1794 quae,
668 1728 740 1772 cum
752 1707 929 1772 humanum
939 1705 1072 1772 modum

49 1807 188 1892 excedat,
210 1807 423 1894 improbanda
437 1816 501 1874 est:
526 1808 607 1878 Salt
621 1803 673 1876 27.
703 1806 809 1875 Simili
824 1807 920 1874 modo
934 1808 1072 1896 pectoris

49 1919 140 1996 etque
156 1910 276 1975 ventris
289 1910 438 1978 circuitus
452 1910 596 1997 pulvillis
612 1919 660 1978 est
673 1919 802 1988 erictus:
815 1910 858 1980 ib.
888 1909 961 1977 Hoc
975 1909 1073 1995 igitur

50 2021 158 2079 ornatu
182 2010 386 2079 condecorati
410 2012 464 2079 vel
487 2014 593 2099 potius
615 2014 736 2079 onerati
754 2014 790 2077 in
814 2034 943 2078 scenam
964 2033 1073 2099 prooe-

51 2113 134 2198 dunt,
152 2135 267 2180 vocem
288 2114 385 2182 modo
406 2116 440 2179 in
462 2114 564 2180 altum
585 2113 733 2180 tollentes
755 2114 851 2180 modo
871 2115 1072 2201 recipientes.

51 2214 113 2280 Nee
126 2217 234 2282 minus
259 2238 370 2283 eorum
392 2218 517 2283 cantica
540 2216 616 2282 ferri
638 2225 861 2302 nonpossunt‚
885 2218 1073 2303 praesertim

51 2317 103 2382 ubi
122 2317 281 2384 Hercules
302 2317 419 2406 aliquis
435 2317 563 2384 labores
585 2341 660 2384 suos
674 2317 825 2386 flebiliter
839 2318 1012 2405 deplorans
1031 2318 1072 2383 ab

51 2420 94 2484 eis
106 2421 230 2506 agitur:
252 2420 306 2486 De
321 2420 392 2486 salt.
404 2415 457 2489 27.
475 2415 650 2486 Praeterea
661 2442 733 2485 eum
748 2421 835 2486 haud
850 2442 923 2486 raro
939 2419 1072 2502 aecidat,

51 2529 83 2585 ut
100 2531 203 2608 partes
226 2521 313 2588 male
333 2522 572 2605 distribuantur,
594 2523 666 2609 quis
689 2531 738 2589 est
756 2524 835 2610 quin
857 2523 958 2588 risum
972 2521 1073 2586 effun·
1133 2525 1137 2532 '

51 2621 110 2706 dat,
140 2623 282 2690 debilem
305 2623 446 2712 aliquem
469 2645 508 2690 ac
532 2623 661 2690 mollem
684 2625 846 2691 hominem
869 2624 1073 2709 conspiciens

51 2723 192 2792 Herculis
226 2735 336 2813 partes
368 2725 619 2813 suscipientem?
663 2728 779 2796 Piseat.
801 2721 853 2792 31.
874 2720 926 2792 33.
969 2724 1071 2790 lmmo

51 2849 277 2916 saepenumero
310 2827 483 2894 histriones
524 2830 602 2916 quia
632 2851 698 2894 non
730 2829 806 2895 satis
840 2827 883 2893 ad
916 2835 1073 2906 ornatum,

51 2951 141 3015 quern
155 2939 294 3018 gestant,
315 2931 440 2997 animos
455 2929 633 3014 attendunt,
654 2930 696 2996 de
709 2929 873 2996 cothurnis
889 2926 1072 2994 decidentes

50 3030 218 3117 plurimam
239 3032 365 3098 ridendi
388 3035 555 3100 materiem
570 3032 791 3120 spectantibus
806 3031 973 3119 praebent,
993 3030 1073 3096 frao-

50 3132 86 3196 tis
117 3157 198 3220 quas
231 3142 362 3220 gestant
394 3137 540 3222 personis
573 3137 726 3223 omnique
758 3135 916 3220 gravitate
948 3133 1071 3216 tragica

51 3235 184 3302 sublata:
230 3236 318 3305 Gall.
340 3231 392 3303 26.
415 3235 475 3307 Rh.
498 3237 610 3306 Praeo.
631 3232 682 3306 12.
704 3236 828 3324 Nigrin.
850 3231 902 3301 11.

52 3373 248 3388 ''Q-—

115 3463 139 3526 l)
157 3455 361 3537 Χρυσόπαστος
381 3455 470 3524 στολή
488 3461 554 3514 Icar.
572 3463 614 3524 tt,
632 3461 667 3515 cf.
680 3459 807 3514 Welcker
818 3459 889 3511 Prol.
908 3455 941 3508 cd
954 3455 1073 3523 'l'heogn

15 3625 17 3632 γ
52 3558 74 3608 Ρ·
89 3545 239 3601 LXXXVII
255 3550 312 3600 not.
331 3548 389 3602 124.
