2898 5000
531 354 575 426 27

11 542 131 609 cinno
154 551 265 608 auctor
287 542 382 608 hrerit
404 545 451 608 sio
473 545 641 611 scribentis
661 531 814 619 assem
835 543 960 629 ἐγένετο
979 545 1064 612 ἰδιό-

10 667 99 717 ταις
129 639 317 730 ἀνθρώποις
338 641 482 726 ἐγχανών.
527 646 670 733 (Peregr.
693 648 780 713 Prot.
803 669 829 712 c.
851 643 914 729 13).

123 745 201 812 Vox
235 743 387 828 γεννάδας
420 749 481 812 etsi
510 769 744 836 nonnunquam
777 747 865 837 apud
896 749 1064 817 Platonem

14 849 165 933 legitur,
196 847 296 913 multo
317 857 426 913 tamen
445 849 573 936 saepius
598 849 639 914 ab
662 849 881 938 Aristophane
911 861 959 917 est
978 851 1066 917 adhi-

14 950 112 1034 bita,
138 952 230 1038 cujus
248 951 294 1014 rei
318 951 470 1037 exempla
483 951 643 1037 praebent
662 953 817 1038 interppr.
843 950 1064 1024 adRan.179.

17 1053 244 1139 Quapropter
264 1051 456 1135 Luniensem,
479 1053 532 1117 oui
553 1052 610 1117 illa
627 1076 694 1119 vox
714 1075 781 1117 non
802 1055 908 1119 minus
931 1056 964 1119 in
986 1054 1065 1120 deli-

18 1155 91 1218 ciis
119 1162 171 1219 est
191 1154 302 1233 (Alex4
323 1151 375 1220 41.
400 1154 483 1222 Hist
506 1149 536 1220 9.
558 1149 610 1220 33.
632 1153 770 1220 Charon.
791 1152 842 1224 21.
865 1156 952 1223 Dial.
971 1156 1064 1227 Mort.

17 1257 67 1323 X.
101 1251 169 1336 13),
204 1278 276 1322 eam
309 1256 351 1321 ab
372 1254 590 1342 Aristophane
625 1264 804 1322 mutuatum
837 1279 907 1324 esse
930 1257 1065 1324 fortasse

20 1355 222 1426 credideris.

121 2071 289 2136 Hactenus
316 2072 357 2136 de
385 2071 614 2158 Aristophane:
649 2081 776 2159 praeter
803 2095 898 2159 quem
922 2095 965 2137 ex
986 2074 1064 2138 anti-

29 2195 121 2259 quae
146 2172 330 2238 oomoediae
351 2176 454 2259 poetis
477 2173 618 2260 Eupolin
645 2197 665 2239 a
691 2173 836 2239 Lucieno
860 2174 961 2240 tribus
984 2173 1065 2240 locis

29 2275 136 2357 (Piso.
159 2268 212 2340 2¹3.
233 2274 291 2340 Bis
312 2297 381 2340 acc.
403 2270 452 2343 33.
478 2275 562 2341 Adv.
583 2275 655 2346 Ind.
679 2271 735 2359 27)
757 2278 1011 2358 commemorari,
1034 2285 1067 2342 et

31 2381 80 2442 ita
104 2376 247 2464 quidem,
280 2386 316 2442 ut
350 2377 418 2464 ejus
452 2399 571 2442 nomen
599 2398 725 2464 semper
746 2399 817 2442 oum
840 2377 1065 2464 Aristophanis

27 2482 200 2566 jungatur,
215 2481 286 2566 jem
309 2501 409 2565 supra
428 2502 448 2544 a
469 2479 562 2545 nobis
580 2478 778 2565 explicatum
801 2471 865 2544 es‘t:
885 2501 949 2565 qua
968 2501 1010 2543 ex
1032 2501 1067 2544 re

32 2581 169 2648 illorum
192 2580 336 2648 indolem
363 2581 431 2646 fere
453 2603 564 2668 parem
586 2603 605 2646 e
627 2579 771 2645 Lucieno
800 2603 870 2646 esse
888 2579 1066 2667 judicatam

34 2684 127 2749 olere
150 2693 296 2771 apparet.
340 2683 480 2749 Easdem
509 2683 594 2748 enim
624 2683 758 2748 virtutes
776 2682 940 2749 Lucienus
960 2684 1067 2748 existi·

35 2789 142 2851 mavit
163 2787 270 2850 inesse
292 2786 326 2850 in
347 2783 518 2870 Eupolide,
554 2806 710 2849 summam
732 2785 907 2871 praecipue
929 2785 963 2848 in
984 2784 1067 2849 deri-

36 2887 156 2953 dendis
180 2887 234 2954 vol
255 2887 454 2972 gravissimis
475 2885 655 2952 hominibus
677 2887 744 2951 vim
766 2887 970 2966 comicam1).
1005 2885 1066 2950 ra-

36 2989 190 3054 bularum
224 2990 292 3076 ejus
326 2986 416 3053 solae
441 2985 576 3054 Βάπται
596 2989 785 3053 nominatim
811 2989 1014 3072 attinguntur
1032 2989 1067 3052 in

38 3090 123 3155 Adv.
145 3089 217 3161 Ind.
240 3084 297 3157 27:
321 3112 386 3176 qua
408 3089 576 3155 comoedia
593 3092 752 3177 juvenum
772 3089 974 3176 quorundam
996 3087 1067 3153 libi·

39 3191 134 3257 dines
163 3213 328 3278 pravaque
368 3191 513 3257 facinora
546 3190 683 3279 explosa
713 3213 785 3256 esse
815 3191 978 3259 Lucienus
1012 3188 1067 3255 illo

40 3315 139 3379 quem
161 3292 353 3380 protulimus
385 3293 455 3359 loco
478 3293 655 3360 confirmat.

126 3394 228 3460 Multo
262 3395 364 3462 rarius
400 3395 562 3461 mediae
597 3395 843 3462 comoediae
875 3394 1066 3482 scriptorum

40 3496 208 3561 Lueianus
224 3499 421 3563 mentionem
436 3498 523 3566 lacit.
568 3496 765 3562 Alexidis
786 3517 905 3561 nomen
925 3504 1015 3562 extat
1034 3497 1067 3561 in

38 3596 105 3663 Pro
118 3596 217 3684 Laps.
234 3595 264 3676 6,
286 3600 341 3666 ubi
362 3620 474 3666 versus
498 3601 566 3687 eJ'us
590 3622 632 3666 ex
653 3599 768 3664 incerti
790 3599 929 3664 nominis
944 3619 1068 3664 comoe-

41 3753 248 3766 Q—u———u—

113 3823 140 3886 1)
157 3820 198 3873 De
218 3820 357 3889 Eupolidis
385 3822 529 3877 acerbitate
554 3836 638 3889 paens
663 3822 747 3874 nimia
764 3819 908 3889 disputarit
927 3820 1066 3908 ltemske:
1107 3849 1109 3853 >

43 3905 114 3960 sou
133 3908 192 3958 oss.
210 3922 236 3973 p.
255 3907 313 3960 ros.
1131 3920 1134 3925 ’
