2972 4978
624 441 666 513 19

221 623 269 697 Tul
289 623 406 715 ἄλφιτα
424 653 464 698 ea
485 631 726 717 significatione,
750 637 786 696 ut
807 631 871 698 sint
890 613 1018 698 omnino
1042 612 1092 700 res
1113 631 1156 701 ad

129 733 229 800 vitam
253 731 434 818 degendam
460 735 670 816 necessariae,
692 757 769 800 vere
799 743 847 799 est
866 734 1158 822 Aristophaneum:

128 833 171 898 cf.
193 834 277 903 Nub.
301 831 373 904 176.
398 834 483 901 Plut.
505 829 570 902 219
591 835 632 904 al.
676 837 799 903 Eodem
820 835 916 902 modo
939 837 1081 923 loquitur
1094 837 1156 903 Lu-

128 937 260 1002 cianus:
294 937 376 1002 Tim.
398 932 440 1003 37
461 934 554 1003 όκανόι
575 939 628 1001 καὶ
648 938 764 1025 διαρκῆ
782 937 844 1020 ἔχω
866 936 907 1004 τὰ
928 934 1047 1026 ἄλφιτα
1068 931 1158 1026 παρὰ

127 1037 185 1124 τῆς
203 1039 355 1126 δικέλλης.
391 1038 488 1108 Merc.
505 1035 644 1106 (tonus
666 1037 842 1126 ἐκπορίζειν
864 1033 906 1107 τό
927 1037 1059 1127 ἄληνιιας
1081 1042 1156 1111 add.

128 1138 218 1204 Gall.
242 1137 273 1206 1.
292 1140 367 1226 Jup.
391 1139 488 1227 Trag.
510 1135 562 1209 48.

216 1241 379 1308 Lucienus
399 1245 434 1308 in
456 1243 537 1312 Pisc.
561 1239 603 1309 47
626 1241 834 1329 philosophos
857 1241 930 1309 illos
953 1243 1157 1325 recentiores,

129 1345 188 1430 qui
216 1351 361 1410 veterum
389 1353 561 1430 praecepta
589 1343 714 1409 virtutis
748 1343 832 1408 male
865 1353 1050 1432 sequantur,
1082 1344 1159 1409 dicit

129 1438 310 1518 ἀλωπεκίας
325 1439 365 1532 ἢ
388 1444 638 1532 πιθηκοφόρους
664 1445 684 1512 i.
712 1467 738 1510 e.
762 1445 908 1512 homines
935 1447 1028 1532 signo
1053 1445 1157 1532 vulpis

128 1554 187 1612 aut
220 1549 333 1613 simiae
368 1569 462 1612 omne
494 1548 528 1611 in
556 1555 683 1632 tempus
704 1555 839 1616 notatos.
883 1548 1074 1615 Rectissime
1093 1550 1158 1613 iam

128 1648 211 1714 olim
235 1654 397 1716 Gesnems
431 1648 554 1714 monuit
588 1669 627 1713 ea
656 1648 846 1736 deprompta
878 1672 948 1716 esse
972 1673 1014 1716 ex
1035 1648 1159 1716 Aristo·

128 1749 248 1835 pliane,
279 1752 335 1839 qui
358 1753 392 1815 in
412 1750 496 1816 Nub.
520 1773 547 1815 v.
572 1744 615 1816 23
646 1757 676 1814 et
706 1772 738 1814 v.
761 1746 825 1818 192
853 1761 1010 1819 memorat
1041 1773 1159 1840 equum

127 1857 314 1921 κοππατίαν
346 1862 377 1918 et
406 1854 578 1939 σαμφόραν
609 1851 662 1934 (cf.
680 1852 763 1917 Luc.
784 1852 869 1925 Adv.
892 1853 964 1924 Ind.
984 1850 1020 1923 5:
1056 1853 1159 1922 ἵππον

128 1955 370 2041 κοππαφόρον).

218 2056 433 2140 Σκννδόλαμοι
451 2049 646 2150 (scindulae)
668 2054 709 2120 ab
730 2076 795 2120 unc
813 2055 1039 2144 Aristophane,
1059 2079 1160 2145 quan·

128 2169 200 2224 tum
216 2158 365 2246 equidem
385 2159 462 2241 scic,
490 2157 532 2222 ad
549 2156 773 2244 significandas
793 2156 881 2224 leves
897 2160 1041 2244 argutias
1056 2167 1158 2225 trans·

130 2260 293 2325 feruntur:
327 2261 412 2326 Nub.
434 2255 506 2327 130.
539 2259 620 2325 Ran.
644 2255 715 2325 819.
759 2259 912 2325 Similiter
932 2282 1045 2326 vocem
1069 2282 1159 2326 usur-

130 2365 224 2449 pavit
244 2361 409 2427 Lucienus
429 2363 462 2426 in
483 2361 571 2430 Diss.
597 2382 624 2426 c.
646 2361 723 2430 Hes.
744 2357 766 2428 5
793 2360 1028 2446 σκινδαλάμους
1050 2361 1085 2429 δὲ
1107 2366 1160 2429 καὶ

130 2461 274 2538 ἀκάνθας
295 2461 384 2538 τινός
402 2461 543 2546 ἐκλέγεις.

218 2565 300 2631 Oum
316 2569 372 2636 Ar.
390 2565 451 2635 Av.
464 2561 529 2632 994
550 2569 599 2638 τίς
619 2559 793 2652 ἡ’πίνοια;
815 2569 863 2637 τός
886 2559 906 2628 ό
927 2564 1087 2651 κόθορνος
1106 2564 1161 2653 τῆς

133 2665 215 2734 όδοό
243 2669 307 2733 iam
333 2669 424 2754 prius
446 2667 635 2754 interpretas
657 2665 862 2730 contulerunt
881 2665 961 2735 Luc.
983 2671 1069 2733 Men.
1090 2689 1117 2732 c.
1138 2662 1161 2733 2

131 2777 182 2844 cle
212 2768 233 2858 ἡ
262 2767 394 2838 ἐπίνοιά
421 2787 481 2836 σον
507 2769 562 2856 τῆς
589 2765 736 2834 καθόδου
759 2764 903 2850 lyssam
937 2771 984 2842 τίς
1004 2768 1042 2834 δὲ
1064 2764 1083 2834 ό
1105 2771 1162 2857 τῆς

133 2877 269 2957 πορείας
287 2867 425 2960 ἡγεμόν;
454 2870 493 2941 cf.
516 2871 597 2936 Ran.
618 2867 671 2940 47.

222 2975 278 3045 Ar.
302 2973 442 3040 Acharn.
473 2968 554 3040 125:
593 2970 693 3037 ταῦτα
725 2964 794 3056 δῆτ’
830 2961 887 3035 οόκ
920 2965 1055 3056 όγχόνη;
1088 2971 1108 3039 i.
1134 2993 1162 3036 e.

135 3099 265 3159 „nonne
293 3075 375 3140 haec
394 3098 445 3141 res
465 3077 510 3142 ita
532 3081 716 3160 comparata
737 3081 796 3154 est,
818 3081 854 3136 ut
874 3071 916 3137 acl
938 3073 1091 3160 laqueum
1109 3095 1162 3139 me

134 3180 237 3265 possit
257 3175 493 3265 compellere?“
538 3175 695 3262 Respexit
722 3175 803 3240 haec
826 3173 990 3240 Lucianus
1020 3176 1056 3240 in
1078 3175 1161 3245 Tim.

1 3291 2 3296 ’
134 3279 192 3361 45;
213 3275 333 3368 όγχόνη
355 3274 413 3366 γὰρ
434 3272 474 3346 όν
494 3278 531 3345 τὸ
555 3277 685 3364 πρᾶγμα
703 3283 825 3359 γένοιτο
847 3269 953 3348 αὐτοῖς
976 3277 997 3342 i.
1018 3298 1047 3342 e.
1071 3297 1164 3358 „mea

136 3382 301 3470 opulentia
322 3382 397 3448 illos
421 3404 459 3447 ec
481 3379 659 3468 compellet,
679 3387 716 3444 ut
737 3400 808 3444 sese
830 3379 1078 3465 suspendeant.“

222 3484 307 3550 Satis
339 3492 451 3550 notum
493 3491 541 3549 est
577 3480 726 3548 omnibus
758 3479 841 3546 illud
873 3480 1037 3546 Xanthiae
1070 3482 1163 3561 servi,

137 3587 244 3675 qualis
275 3595 324 3652 est
356 3587 390 3651 in
412 3587 469 3652 Ar.
489 3584 583 3668 Ram,
616 3604 741 3670 semper
764 3585 953 3670 repetentisc
986 3583 1063 3670 περὶ
1085 3581 1162 3667 ἐμοῦ

136 3685 168 3756 δ’
193 3681 299 3764 οὐδεὶς
320 3689 414 3773 λόγος
435 3689 480 3776 (v.
502 3683 554 3758 87.
574 3683 635 3754 107
638 3739 646 3758 .
664 3681 752 3772 115).
796 3685 887 3765 Quae
909 3683 1040 3773 quidem
1063 3684 1164 3750 verba

138 3848 344 3860 —-——

207 3917 234 3980 1)
250 3915 344 3980 Longe
366 3911 443 3964 aliter
461 3910 607 3978 comparati
632 3912 693 3962 sunt
715 3907 879 3976 magicorum
901 3907 954 3960 loci
974 3907 1089 3974 qnidam,
1117 3908 1164 3962 ubi

137 4003 186 4055 illa
204 4016 258 4053 vox
276 4000 391 4068 legitur:
407 3999 441 4051 cf.
458 3997 521 4049 Eur.
538 3995 635 4049 Bacch.
655 3997 715 4051 246.
749 3993 829 4061 Soph.
847 3992 911 4047 Oed.
932 3994 963 4046 lt
987 3995 1061 4048 1³⁷4,

978 4093 1011 4149 9*
