2898 5000
795 343 837 414 12

307 541 338 597 et
365 532 453 616 leges
476 535 705 617 grammaticae
729 541 760 598 et
780 535 932 598 metricae
964 555 1037 596 cum
1059 529 1246 595 Archilochi
1268 553 1335 594 usu

305 635 385 698 mire
416 635 606 719 conspirent.
652 635 855 721 Quamquam
884 656 952 699 rem
979 633 1077 720 plane
1103 631 1144 696 ad
1172 631 1334 719 liquidum

306 735 437 820 perduci
459 756 554 820 posse
576 735 676 800 nolim
698 735 866 803 affirmare.
1280 814 1282 820 Ι

392 837 684 901 Stesichorum
716 837 909 901 Arionem
940 837 1243 900 Anacreontem
1266 833 1335 896 Lu-

307 939 417 1002 cianus
442 939 487 1001 in
509 937 583 1000 Ver.
606 938 690 1002 Hist.
712 937 755 1006 II.
781 934 831 1004 15.
854 939 931 1002 facit
959 959 1031 1001 oum
1053 937 1202 1001 Eunomo
1216 937 1238 1013 1)
1267 934 1336 998 Lo-

307 1040 412 1102 erenei
446 1035 636 1121 ἐξάρχοντας
669 1038 758 1102 chori
787 1041 821 1102 in
853 1037 958 1102 insula
987 1038 1150 1102 beatorum
1174 1037 1336 1100 instituti:

307 1161 371 1225 qua
401 1162 443 1204 ex
472 1162 507 1202 re
535 1137 608 1203 illos
631 1149 742 1225 poetas
769 1162 789 1204 a
811 1139 955 1205 Lucieno
978 1141 1069 1226 quasi
1091 1139 1253 1224 principes
1276 1137 1337 1199 du-

307 1262 424 1326 cesque
463 1241 569 1325 poesis
608 1240 741 1304 melicae
777 1240 904 1307 habitos
946 1261 1016 1304 esse
1052 1242 1126 1326 jure
1169 1239 1335 1324 conjicias.

306 1341 436 1406 Deinde
467 1342 568 1406 verbo
602 1341 715 1405 saltem
749 1341 920 1406 dicendum
954 1341 994 1406 de
1021 1339 1101 1408 Luc.
1136 1341 1223 1404 Dial.
1244 1339 1338 1424 [Mar.

307 1442 398 1508 VIII.
419 1438 449 1523 2,
478 1443 534 1506 ubi
558 1443 666 1524 Arion,
702 1443 838 1507 multum
868 1465 925 1527 per
951 1453 1079 1527 tempus
1107 1443 1140 1504 in
1162 1441 1338 1505 Periandri

308 1543 382 1607 aula
403 1552 549 1608 versatus
571 1565 772 1630 magnasque
794 1566 871 1630 opes
886 1552 1008 1624 nactus,
1030 1543 1200 1607 consilium
1222 1543 1338 1606 iniisse

307 1653 457 1708 narratur
487 1643 593 1708 redire
615 1644 722 1711 οἴκαδε
744 1644 789 1716 εἰς
810 1643 868 1730 τὴν
891 1643 1087 1732 Μήθυμναν,
1119 1647 1192 1707 cum
1214 1641 1337 1727 reliqui

309 1767 428 1826 omneS,
461 1748 517 1831 qui
550 1747 666 1810 miram
699 1746 768 1831 ejus
791 1747 1029 1830 navigationem
1059 1743 1190 1808 tradunt
1201 1747 1234 1822 2),
1266 1765 1338 1807 non

309 1845 462 1911 Corintho
477 1847 704 1932 Methymnam,
727 1847 784 1911 sed
799 1871 839 1910 ex
854 1846 947 1911 Italia
962 1841 1150 1911 Corinthum
1174 1865 1247 1908 eum
1262 1852 1337 1930 pro-

297 1947 426 2011 -fectum
455 1969 525 2012 esse
553 1948 701 2016 referant.
745 1949 906 2034 Equidem
935 1957 971 2012 ut
1002 1947 1102 2011 libere
1124 1967 1207 2031 quae
1231 1946 1336 2010 sentio

306 2048 469 2132 proferam
492 2069 547 2113 eos
577 2073 642 2114 non
669 2058 755 2114 recte
783 2049 931 2136 judicare
953 2049 1110 2128 existimo,
1129 2049 1198 2132 'qni
1218 2045 1337 2111 Lucia·

307 2170 385 2212 num
407 2171 448 2212 ex
472 2151 537 2214 alio
561 2151 699 2236 quodam
722 2151 810 2214 fonte
831 2151 973 2214 hausisse
996 2157 1143 2234 putantes
1176 2147 1236 2212 hoc
1262 2146 1335 2212 loeo

308 2252 358 2322 usi
381 2259 455 2315 sunt
477 2250 519 2313 ad
542 2250 696 2336 hymnum
717 2252 848 2316 Arionis
869 2251 909 2316 ab
928 2251 998 2314 Ael.
1020 2251 1101 2317 Hist.
1122 2247 1185 2314 An.
1201 2248 1277 2330 XII,
1291 2245 1337 2314 45

309 2360 469 2415 servatum
490 2354 524 2414 in
544 2354 758 2437 suspicionem
776 2353 959 2417 vocandum
967 2353 1002 2432 ³),
1024 2351 1081 2416 sed
1103 2354 1208 2437 potius
1232 2351 1335 2415 oredi-

310 2451 411 2516 derim
434 2474 557 2516 errasse
580 2453 768 2534 Lucianum,
793 2476 890 2539 quem
912 2455 945 2517 in
964 2452 1127 2517 tradendis
1152 2452 1334 2516 nominibus

310 2552 470 2616 interdum
493 2575 649 2617 summam
672 2555 828 2620 incuriam
850 2554 1034 2619 exhibuisse
1055 2557 1165 2639 paucis
1189 2553 1335 2640 probabo

254 2711 256 2716 .
310 2653 478 2738 exemplis.
534 2654 597 2719 Pro
619 2654 715 2720 Mero.
748 2655 840 2718 cond.
873 2652 895 2722 5
926 2657 1068 2720 narratio
1103 2654 1262 2740 quaedam
1296 2655 1337 2718 de

310 2753 484 2840 Cleopatra
513 2765 635 2838 exstat,
668 2776 750 2841 quae
774 2756 902 2842 quidem
932 2760 966 2819 in
989 2758 1072 2824 Pisc.
1095 2753 1136 2822 36
1157 2757 1199 2820 ad
1223 2779 1335 2841 regem

309 2857 471 2943 quendam
498 2856 642 2943 Aegypti
673 2857 816 2924 refertur.
869 2863 919 2922 De
941 2858 1024 2927 Hist.
1047 2855 1090 2925 35
1118 2858 1159 2922 de
1177 2855 1337 2922 Perdicca

310 2957 424 3021 eadem
448 2969 630 3041 narrantur,
659 2981 742 3044 quae
765 2959 846 3022 Icar.
869 2955 911 3026 15
940 2959 980 3023 de
1010 2959 1088 3028 Salt.
1106 2955 1149 3026 58
1184 2958 1334 3024 Calumn.

309 3055 352 3123 14
375 3057 509 3124 Seleuco
531 3059 689 3128 accidisse⁴
706 3059 885 3125 traduntur.
939 3061 992 3126 De
1006 3061 1090 3126 Hist.
1106 3058 1148 3126 12
1169 3061 1336 3125 Lucienus

309 3160 487 3225 Aristobuli
517 3183 635 3226 nomen
666 3163 774 3247 posuit
802 3183 861 3248 pro
888 3161 1070 3245 Onesicriti,
1093 3161 1132 3229 cf.
1155 3163 1267 3227 Herm.
1293 3161 1337 3225 ad

309 3260 329 3329 l.
355 3299 391 3310 —-
425 3261 465 3326 In
485 3262 571 3326 Dial.
594 3261 688 3326 Mort.
712 3263 769 3331 IX.
794 3259 815 3328 2
845 3263 957 3328 Phaon
984 3273 1130 3329 narratur
1159 3264 1201 3328 ab
1228 3261 1336 3326 insula

380 3538 404 3601 1)
424 3536 462 3589 Cf.
481 3536 619 3590 Weloker:
639 3537 681 3587 Kl.
699 3537 772 3588 Sohr.
791 3538 812 3589 1.
829 3553 854 3603 p.
874 3539 922 3589 177
942 3541 967 3586 et
985 3538 1045 3586 ⁶205.

378 3624 405 3682 2)
427 3620 525 3674 Herod.
544 3621 564 3672 1.
582 3623 615 3671 23
634 3637 681 3686 sq„
707 3623 826 3674 translat.
851 3621 884 3672 ab
904 3621 971 3673 Gell.
993 3622 1064 3672 XVI.
1089 3623 1127 3673 19.
1154 3621 1335 3674 Ov.fast.11.

310 3707 343 3757 82
364 3721 402 3770 sq.
438 3707 507 3758 Plut.
526 3706 596 3772 Sept.
615 3708 675 3774 Sap.
694 3707 803 3758 Convir.
825 3709 865 3773 18,
884 3707 930 3756 alii
949 3707 1067 3756 seriores.

380 3793 405 3856 3)
424 3792 559 3857 Hymnum
577 3808 630 3842 non
648 3808 703 3844 osse
721 3793 828 3844 Arionis
841 3805 993 3858 persuasum
1012 3791 1151 3843 habemus:
1173 3791 1218 3843 sod
1230 3792 1269 3842 nil
1282 3791 1335 3842 col·

310 3875 445 3942 ligandum
464 3891 523 3929 esse
542 3893 556 3929 e
576 3877 687 3930 Lucirni
705 3879 904 3930 narratiuncula
922 3876 1112 3928 contendimus.
