2898 5000
871 356 929 433 26·

467 553 717 641 Ιιοοῐτορὴὶἀοοι
743 554 906 618 hominem
928 573 1073 616 macrum
1094 561 1126 618 ct
1146 551 1268 617 exilem
1293 551 1405 616 Aristo·

382 655 504 743 phanes
527 657 717 743 perstringit
738 656 800 721 Av.
819 649 914 737 1406,
947 652 1085 720 eundern
1108 654 1274 720 Lucianus
1310 653 1345 716 in
1363 651 1405 715 De

382 756 464 822 Hist.
487 779 593 823 conso.
616 752 669 839 34,
701 760 756 844 qui
779 766 887 820 tamen
909 777 986 820 num
1008 756 1103 843 hujus
1125 759 1172 820 rei
1195 756 1349 821 notitiam
1373 775 1404 817 ex

381 857 596 945 Aristophane
620 860 771 935 hauserit,
800 859 955 922 incertum
979 865 1027 923 est
1049 879 1087 922 ea
1109 857 1150 922 de
1173 879 1303 938 caussa,
1328 855 1405 942 quod

381 969 548 1045 praeterea
578 983 643 1027 non
668 961 772 1026 solum
793 959 1023 1045 Theopompus
1058 960 1197 1024 comicus
1226 957 1403 1041 (Meinecke

381 1060 496 1146 fragm.
516 1083 597 1133 corn.
622 1062 666 1128 ΙΙ.
689 1057 764 1142 800)
787 1062 962 1127 sedetiam
983 1059 1182 1146 Hermippus
1205 1061 1262 1142 (ib.
1288 1082 1323 1147 p.
1340 1054 1426 1148 393t

380 1160 467 1227 illius
489 1164 628 1228 hominis
651 1165 845 1228 mentionem
866 1162 996 1228 iaciunt.
1425 1159 1426 1242 t

465 1263 601 1331 Prorsus
624 1265 710 1329 idem
734 1263 948 1352 judicandum
982 1273 1030 1329 est
1062 1263 1102 1327 de
1133 1262 1233 1329 verbo
1257 1261 1404 1343 σπαθάο,

382 1365 468 1449 quod
502 1365 543 1431 ab
565 1366 781 1453 Aristophane
814 1367 858 1431 ita
884 1366 1043 1453 usurpari,
1076 1372 1112 1429 ut
1135 1364 1297 1449 significet
1322 1385 1403 1448 „con-

382 1487 516 1550 sumere‚
535 1467 724 1554 dissiparc“,
746 1489 856 1532 omnes
873 1468 988 1545 sciunt,
1007 1466 1049 1536 cf.
1064 1466 1148 1534 Nub.
1163 1463 1206 1533 54
1219 1469 1251 1549 ¹).
1286 1466 1404 1531 Eadem

381 1588 458 1632 vero
493 1569 684 1654 significatio
724 1591 797 1635 cum
831 1576 998 1656 praeterea
1029 1567 1290 1656 deprehendatur
1328 1565 1403 1654 apud

381 1669 552 1754 Diphilum
573 1672 607 1736 in
628 1672 743 1758 fragm.
769 1670 810 1736 ab
834 1670 952 1739 Athen.
971 1669 1045 1738 VII.
1065 1664 1142 1737 2911
1165 1678 1308 1754 servato,
1334 1669 1403 1754 diju-

382 1769 483 1836 dicari
513 1771 603 1838 nullo
636 1782 730 1861 pacto
760 1781 876 1860 potest,
910 1771 997 1837 unde
1026 1794 1121 1838 usum
1144 1770 1238 1837 illum
1262 1770 1402 1837 didicerit

380 1871 552 1957 Lucienus,
575 1877 665 1961 cujus
689 1876 722 1940 hi
746 1884 821 1940 sunt
841 1873 921 1939 loci:
944 1874 1051 1944 Prom.
1074 1896 1098 1939 s.
1122 1873 1219 1941 Cano.
1243 1869 1299 1940 19.
1326 1869 1401 1939 Gall·

379 1966 432 2039 29.
451 1975 544 2045 Luot.
567 1974 618 2046 17.
641 1975 712 2042 Cat.
735 1971 788 2042 20.

465 2080 591 2164 Λημᾶν
613 2076 814 2150 κολοκύνταις
842 2078 877 2142 in
898 2076 1017 2142 Nubit.
1040 2070 1105 2142 329
1126 2076 1243 2141 dicitur
1268 2077 1309 2157 is,
1345 2073 1401 2159 qui,

382 2199 456 2245 oum
479 2181 547 2264 ejus
571 2180 657 2246 oculi
679 2179 775 2244 rebus
796 2181 901 2243 visum
916 2177 1167 2266 impedientibus
1188 2176 1319 2262 impleti
1336 2175 1398 2252 sint,

380 2280 427 2345 nil
459 2283 589 2347 omnino
625 2283 733 2350 cernit.
776 2281 901 2345 Locum
934 2278 1026 2345 illum
1062 2278 1175 2345 leviter
1203 2281 1400 2344 immutatum
1426 2323 1427 2408 p

381 2384 488 2448 nescio
511 2406 552 2449 an
571 2383 736 2450 Lucienus
757 2384 899 2449 imitatus
921 2383 971 2464 sit,
1001 2383 1035 2446 in
1058 2380 1169 2447 libello
1194 2381 1251 2469 qui
1274 2389 1325 2446 est
1346 2374 1399 2442 Ad·

242 2521 252 2530 ν
381 2506 464 2549 vers.
487 2485 611 2554 indoct.
633 2482 677 2551 23
701 2487 746 2550 sie
769 2485 928 2551 scribens:
969 2529 977 2547 .
1001 2536 1008 2553 .
1031 2482 1118 2565 εἴγε
1139 2482 1186 2571 μὴ
1207 2480 1340 2568 χύτραις
1359 2479 1400 2562 At·

379 2584 502 2667 μῶνιος
522 2587 717 2669 τυγχάνοιεν.

461 2682 632 2772 Ἐγχάσκω,
658 2689 745 2776 quod
767 2691 897 2777 proprie
917 2697 965 2753 est
987 2695 1115 2774 „aperto
1140 2709 1195 2752 ore
1210 2686 1339 2773 aliquid
1353 2705 1398 2770 ap·

381 2791 522 2878 peterc“‚
557 2800 684 2877 sumpta
705 2790 912 2855 translatione
939 2788 981 2855 ab
1010 2790 1121 2854 avium
1150 2787 1246 2874 pullis
1270 2789 1343 2853 cibo
1363 2789 1398 2849 in·

380 2891 553 2974 hiantibus,
583 2892 751 2978 permultis
771 2891 999 2978 Aristophanis
1021 2889 1100 2955 locis
1122 2889 1283 2976 significat
1307 2889 1398 2975 „deri-

381 2993 457 3058 dere
482 3015 520 3057 ac
541 3016 601 3080 pro
624 2995 764 3060 ludibrio
787 2993 937 3075 habere“,
961 2993 1001 3061 of.
1017 2993 1121 3057 Teuff.
1140 2991 1193 3061 ad.
1208 2992 1296 3061 Nub.
1314 2984 1397 3058 1436.

380 3095 512 3163 Pmctm
534 3095 783 3184 Aristophanem
814 3118 919 3172 nemo,
954 3096 988 3159 ni
1016 3097 1224 3160 vehementer
1247 3115 1331 3176 erro,
1365 3113 1397 3156 ex
1427 3129 1428 3152 ι

381 3199 542 3284 prioribus
571 3198 778 3286 scriptoribus
807 3196 869 3264 hac
891 3196 1122 3284 significatione
1150 3195 1274 3283 possuit
1294 3213 1398 3262 vocem

285 3383 287 3388 Ι
381 3302 443 3365 nisi
474 3299 611 3386 Eupolis
641 3302 674 3365 in
707 3300 916 3367 celeberrima
949 3298 1112 3386 parabasi,
1148 3318 1244 3384 quam
1279 3296 1398 3384 scripsit

380 3400 588 3489 Aristophani
610 3403 723 3485 amico,
752 3401 834 3489 Equ.
858 3396 958 3468 1313:
1001 3393 1115 3486 οὐγὰρ
1143 3392 1234 3488 ἡμῶν
1255 3421 1290 3483 γε
1313 3417 1398 3484 σιρο-

380 3502 484 3590 τηγῶν
505 3500 686 3587 ἐγχανεῖται
707 3507 746 3592 τῇ
778 3500 883 3570 πόλει.
937 3503 1084 3570 Dubium
1108 3503 1215 3588 igitur,
1248 3512 1321 3568 uter
1341 3501 1397 3566 Lu-

452 3747 477 3808 l)
494 3741 605 3811 Recepit
624 3743 696 3796 hunc
712 3744 788 3797 vocis
812 3758 889 3797 nsum
911 3743 1057 3812 Alciphron
1075 3740 1262 3809 Aristophanis
1285 3742 1397 3794 imitator

380 3828 601 3883 studiosissimus:
618 3831 651 3882 cf.
668 3830 718 3882 111.
735 3833 782 3882 34:
804 3828 904 3899 Τι’μον
921 3871 929 3887 .
947 3868 954 3885 .
975 3867 984 3898 ,
1004 3817 1036 3894 ὃς
1053 3825 1081 3882 bs
1100 3825 1239 3883 πλουσίου
1256 3821 1397 3893 σπαθήσας

381 3908 433 3982 τήν
453 3913 544 3970 οὶκίαν
561 3954 568 3971 .
587 3951 595 3967 .
612 3913 647 3980 εἰς
666 3909 787 3990 ἀπορίαν
804 3910 952 3984 muricide
969 3921 996 3969 et
1012 3915 1062 3968 111.
1082 3914 1270 3981 so,1.os,2.
