2972 4978
853 353 906 430 40'

364 561 558 640 quamquam
582 547 666 614 Am.
688 547 761 616 Iud.
780 545 824 618 22
857 573 890 616 se
921 548 1049 615 illorum
1078 569 1182 614 mores
1204 547 1281 613 satis
1305 567 1387 612 com·

364 660 472 740 pertos
500 650 654 716 habuisse
682 651 811 717 indicat.
856 653 958 718 Caute
979 652 1079 737 igitur
1102 660 1134 715 et
1159 652 1387 736 circumspecte

364 755 404 836 ei,
438 753 494 841 qui
525 751 700 840 aliquando
727 754 805 818 artis
828 754 1047 839 pantomimae
1069 753 1233 818 historiam
1255 753 1388 817 couscri-

363 855 442 920 berc
464 853 553 938 velit,
575 853 714 920 Luciani
736 852 867 940 dialogo
889 853 1043 920 utendum
1066 855 1296 922 existimamus.

831 1239 921 1324 §.a
1019 1249 1023 1255 ’

454 1459 514 1524 Ηίε
537 1482 620 1547 quae
640 1462 680 1526 ds
701 1465 801 1528 variis
815 1484 948 1550 poeseos
963 1462 1136 1549 generibus
1151 1463 1389 1548 disputavimus,

366 1561 494 1647 singula
509 1563 668 1649 quaedam
683 1585 725 1628 ex
739 1566 842 1652 poetis
857 1564 1032 1630 aLuciano
1047 1574 1212 1651 assumpta
1227 1562 1389 1631 addemus.

454 1662 657 1730 Oomicorum
679 1687 913 1754 anonymorum
937 1687 1050 1731 versus
1072 1689 1091 1731 a
1112 1666 1255 1730 Luciano
1278 1665 1327 1730 his
1349 1665 1390 1730 lo·

367 1767 413 1830 cis
436 1765 591 1832 citantur:
622 1767 718 1836 Herc.
731 1764 761 1833 5.
783 1767 883 1832 Musc.
909 1769 985 1832 Ena.
1003 1765 1053 1836 11.
1075 1767 1150 1854 Jup.
1167 1767 1262 1852 Trag.
1276 1762 1328 1833 32.
1342 1762 1390 1847 38,

368 1865 409 1933 of.
434 1866 534 1931 Mein.
556 1867 686 1952 Fragm.
708 1867 765 1936 lV.
786 1864 851 1936 563
873 1877 905 1934 et
926 1868 1038 1954 Suppl.
1061 1869 1102 1934 ad
1125 1871 1189 1935 vol.
1211 1869 1260 1934 IV
1279 1870 1314 1933 in
1331 1867 1392 1934 vol.

366 1966 415 2031 VI
447 1990 479 2054 p.
505 1966 713 2037 OOCLXIII.
768 1969 841 2036 Non
875 1971 939 2034 huc
962 1973 1123 2056 pertinere
1150 1991 1280 2035 versum
1303 1979 1390 2036 tetra-

367 2075 505 2134 metrum
536 2071 569 2135 in
599 2069 654 2136 Al.
675 2067 729 2153 25,
760 2082 796 2138 ut
830 2073 980 2158 opinatur
1002 2070 1164 2154 Meineke,
1199 2072 1391 2138 Fritzschius

325 2201 327 2206 ·
367 2171 388 2240 l.
412 2192 440 2240 c.
462 2173 637 2238 rectissime
656 2173 790 2259 judicat.

452 2271 554 2358 Imag.
570 2269 611 2339 19
633 2281 730 2360 poeta
751 2274 881 2362 quidam
906 2295 1019 2339 canem
1035 2272 1216 2359 appellasse
1231 2272 1391 2340 λεοντοδά·

366 2397 432 2458 μον
444 2374 578 2439 dieitur:
602 2375 736 2442 fortasse
748 2376 911 2442 Pindarus
928 2386 976 2441 est
989 2373 1225 2459 intellegendus
1270 2375 1392 2441 Eodem

368 2476 440 2542 loco
465 2475 545 2541 haec
573 2477 673 2544 verba
702 2478 864 2562 leguntur:
903 2469 983 2544 ἀλλὰ
1012 2477 1081 2548 πῶς
1107 2473 1245 2564 ἐπῄνεσε
1264 2473 1393 2564 ποιητὴς

368 2573 540 2660 εὐδόκιμος
569 2572 627 2644 τόν
651 2579 809 2656 Γλαῦκον,
843 2577 919 2644 οὐδὲ
943 2575 1169 2650 Πολυδεύκεος
1198 2581 1273 2662 βίαν
1294 2577 1393 2664 φήσας

368 2673 599 2746 ἀνατείνασθαι
620 2673 660 2746 δν
683 2678 770 2767 αὐτῷ
785 2677 929 2752 ἐναντίας
949 2676 1007 2750 τὰς
1021 2685 1140 2762 κείρας,
1158 2676 1234 2745 οὐδὲ
1247 2679 1393 2765 σιδάρεον

262 2818 265 2823 -
366 2774 546 2867 Ἀλκμήνας
564 2787 669 2861 τέκος;
693 2780 786 2846 Haec
808 2803 825 2845 ε
848 2779 988 2845 carmine
1012 2780 1121 2866 aliquo
1135 2781 1303 2847 victoriam
1319 2781 1393 2846 cele·

369 2881 484 2947 branta
511 2884 612 2949 ascita
640 2905 709 2948 esse
737 2890 875 2948 constat:
911 2881 968 2946 sed
998 2889 1104 2946 utrum
1132 2882 1175 2947 ad
1197 2881 1393 2948 Simonidem

370 2983 420 3068 (ut
441 2976 547 3048 visum
573 2993 621 3053 est
639 2982 802 3050 Meinskio
824 2983 868 3049 ad
889 2982 1031 3069 Euphor.
1055 3005 1087 3069 p.
1108 2977 1163 3066 82)
1191 3007 1233 3049 an
1261 2984 1303 3049 ad
1324 2984 1393 3048 Pin·

371 3084 485 3149 darum
522 3084 575 3166 (cf.
598 3085 709 3155 Jacob.
738 3086 781 3152 ad
808 3086 890 3152 Luc.
915 3084 1012 3150 Alex.
1034 3081 1090 3169 57)
1123 3084 1294 3152 referenda
1325 3087 1392 3168 sint,

370 3185 428 3250 vix
448 3186 491 3252 ad
512 3185 670 3274 liquidum
693 3187 829 3274 perduci
852 3208 947 3273 posse
969 3185 1171 3253 arbitramur.

457 3285 605 3358 Oalumn.
628 3284 665 3354 8:
696 3288 779 3376 μηδὲ
801 3290 894 3376 δίκην
917 3286 1048 3374 δικάσῃς
1070 3289 1150 3373 πρὶν
1172 3287 1268 3372 ἄμφω
1289 3288 1394 3371 μῦθον

372 3383 521 3476 ἀκούσηςε
557 3391 613 3478 qui
633 3411 755 3474 versus,
791 3391 851 3456 etsi
874 3412 894 3454 a
916 3389 1022 3454 Schol.
1045 3389 1216 3477 Phocylidi
1238 3389 1393 3472 tribuitur,

371 3490 577 3557 vehementer
609 3501 718 3558 tamen
750 3501 798 3558 est
826 3491 954 3571 dubius,
986 3512 1060 3557 cum
1091 3490 1214 3557 scholia
1235 3491 1394 3557 Lucianea

374 3592 535 3660 codicibus
560 3617 579 3660 a
592 3595 779 3681 Byzantinis
795 3592 956 3681 adscripta
969 3592 1129 3659 erroribus
1145 3602 1295 3662 scateant.
1333 3595 1393 3658 He·
1464 3593 1465 3664 l

373 3693 456 3760 siodi
490 3717 579 3780 num,
604 3697 651 3776 sit
686 3695 810 3762 dubitat
830 3695 975 3760 Muretus
999 3695 1074 3762 Var.
1097 3693 1186 3765 Lect.
1208 3694 1273 3761 VH
1295 3717 1322 3764 c.
1346 3690 1394 3761 18.
1464 3703 1465 3796 l

458 3795 554 3867 Alex.
576 3791 618 3863 14
638 3796 738 3863 verba
761 3798 811 3871 δίς
831 3789 986 3878 τεχδὲνδ’
1009 3789 1063 3861 ὅτε
1082 3793 1203 3862 rollo
1224 3791 1314 3874 ἅπαξ
1333 3802 1394 3862 τίκ-
1464 3799 1465 3880 t

372 3919 482 3965 τονσαο
499 3895 673 3985 ἄνθρωποι
695 3921 824 3966 versum
839 3899 1002 3966 heroicum
1018 3896 1145 3964 efficere
1159 3899 1282 3985 primus
1296 3897 1393 3964 Frita·
1464 3895 1465 3964 l
