2972 4978
821 391 864 464 14

332 579 401 666 ejus
423 599 549 666 semper
570 581 699 665 egregie
718 590 936 668 comparatae:
958 581 1022 648 Pro
1043 581 1102 653 Im.
1117 579 1169 650 19.
1212 583 1358 650 Omnino

332 679 428 746 leude
449 680 567 766 dignus
589 689 638 746 eet
658 681 833 766 Lucianus,
856 683 913 771 qui
939 683 1054 770 legerit
1075 687 1217 750 camina
1237 683 1357 750 Pinda-

331 784 400 847 rica
425 784 490 848 iam
517 783 559 848 ab
581 783 749 870 Eupolidis
776 784 964 872 aequalibus
989 793 1121 873 propter
1145 787 1284 852 nimium
1303 807 1357 852 ve

331 884 457 950 tustatis
479 883 620 950 colorem
642 884 802 970 neglecta:
824 884 864 954 of.
884 886 1002 954 Athen.
1025 886 1051 951 Ι.
1073 908 1104 972 p.
1126 883 1174 956 3⁸.

417 985 630 1070 Theognis
654 983 780 1052 duobus
800 985 880 1052 looie
903 987 956 1052 De
970 988 1069 1056 Mero.
1088 987 1191 1057 (lond.
1205 985 1236 1057 5.
1259 988 1355 1074 Apol.

331 1085 443 1154 10.11
478 1087 593 1151 citatur
615 1107 688 1152 cum
708 1089 965 1173 reprehensione,
995 1090 1116 1178 quippe
1137 1090 1193 1177 qui
1217 1088 1258 1154 de
1278 1109 1356 1174 pau-

331 1189 462 1275 pertatis
493 1209 591 1251 onere
616 1188 711 1251 nimis
739 1197 968 1276 conqueratur;
1002 1189 1103 1278 quid?
1138 1187 1227 1275 quod
1249 1191 1357 1275 priore

332 1288 403 1354 loco
423 1291 507 1353 inter
530 1296 642 1373 poetas
662 1290 804 1354 maxime
822 1290 957 1374 ignavos
983 1291 1028 1372 (οἱ
1050 1286 1271 1371 traversam
1291 1289 1357 1354 τῶν

331 1394 486 1477 ποιητῶν)
509 1389 655 1458 refertur.
696 1389 737 1454 In
757 1390 1023 1476 reprehendendo
1044 1392 1105 1456 hoc
1128 1397 1224 1476 poeta
1243 1389 1357 1454 Lucia·

330 1513 392 1556 nus
417 1491 543 1556 Stoicos
562 1491 719 1577 quosdam
742 1493 895 1578 sequitur,
926 1495 992 1579 qui,
1023 1513 1096 1556 cum
1120 1490 1177 1556 illa
1198 1492 1297 1556 verba
1322 1492 1356 1555 in

330 1593 516 1659 universum
537 1592 641 1677 posita
655 1612 727 1656 esse
745 1594 961 1678 opinarentur,
983 1594 1135 1678 ignaviae
1155 1601 1188 1656 et
1203 1591 1356 1658 mollitiae

332 1697 454 1760 crimen
476 1694 511 1757 in
533 1692 757 1777 Theognidem
778 1694 957 1780 conjacere:
982 1693 1023 1758 of.
1043 1693 1207 1758 Welolreri
1228 1693 1354 1778 Proleg.
1474 1745 1475 1748 η

331 1797 373 1862 ad
394 1794 577 1880 Theognid.
600 1815 633 1879 p.
654 1792 824 1861 LXXXV.

393 1899 510 1964 Poetas
544 1893 702 1980 quosdam
734 1893 972 1959 Alexandrinos
991 1894 1155 1960 Lucienus
1187 1916 1253 1959 uno
1283 1894 1355 1960 loco

329 2000 491 2085 vituperat
519 1997 575 2082 qui
603 1995 721 2080 legitur
742 1997 776 2061 in
795 1995 850 2060 De
869 1993 954 2060 Hiet.
978 2016 1101 2064 consor.
1122 1991 1175 2079 57,
1210 2017 1287 2060 sano
1303 1997 1355 2082 ju·
1476 2057 1477 2060 ,

331 2101 415 2166 dicio
445 2119 516 2164 sese
542 2119 710 2184 opponens
739 2098 795 2178 eis,
830 2097 887 2183 qui
918 2095 992 2162 illos
1013 2105 1125 2183 poetas
1141 2103 1229 2180 justo
1252 2099 1355 2182 magis

331 2199 570 2265 admirabantur
607 2207 640 2262 et
676 2199 883 2263 imitabantur
896 2201 930 2279 ¹).
992 2195 1227 2262 Callimachum
1261 2197 1357 2281 igitur

329 2301 572 2388 Euphorionem
591 2298 802 2364 Parthenium
831 2299 989 2384 increpat,
1018 2307 1129 2384 utpote
1157 2300 1213 2384 qui
1241 2297 1356 2384 quavis
1478 2381 1479 2384 Ἴ

330 2404 407 2469 data
428 2403 595 2466 occasione
623 2422 675 2465 ree
705 2400 807 2466 obiter
834 2399 1015 2484 tangendae
1037 2420 1162 2464 summa
1182 2398 1355 2464 verborum

330 2505 424 2590 copia
446 2525 485 2568 ac
502 2501 637 2567 molesta
655 2501 796 2588 quadam
814 2500 1008 2587 loquacitate
1025 2501 1201 2586 depingant
1212 2503 1246 2578 ²).

796 2855 830 2945 §-
851 2852 882 2922 3.

414 3062 488 3130 Jam
508 3061 548 3126 ad
574 3059 772 3127 comoediam
790 3068 999 3124 transeamus.
1043 3057 1352 3144 Aristophanem

330 3168 408 3234 satis
441 3173 567 3231 constat
599 3161 788 3249 aequalibus
820 3162 886 3226 suis
916 3159 1016 3224 multo
1048 3159 1150 3243 magis
1180 3159 1351 3245 placuisse,

329 3291 426 3358 quam
440 3265 613 3334 serioribus
627 3262 807 3341 Graeculis,
829 3263 884 3348 qui
902 3260 1034 3348 quidem
1054 3259 1141 3325 haud
1154 3280 1260 3347 pauca
1273 3261 1352 3326 vitia

400 3531 426 3590 1)
444 3525 482 3577 Of.
504 3525 576 3575 Suet.
593 3521 652 3573 rib.
671 3521 751 3572 LXX.
787 3518 952 3584 Bernhardy:
974 3517 1019 3568 Gr.
1038 3517 1091 3568 Lit.
1110 3517 1135 3566 1³
1161 3519 1220 3569 556.
1255 3517 1350 3579 Quam·

329 3629 407 3681 quam
430 3614 483 3662 iam
499 3609 590 3660 cicero
617 3611 755 3672 „cantor-ee
774 3603 967 3671 Euphorionis“
991 3605 1161 3670 contemptim
1179 3602 1350 3670 perstringit:

329 3698 436 3753 Tuscul.
453 3696 502 3748 111.
522 3697 562 3745 19.
582 3697 606 3758 ξ.
623 3695 666 3744 45.

397 3785 424 3850 2)
447 3781 515 3833 Jure
542 3779 706 3830 Meinekimn
734 3775 860 3844 (Euphor.
883 3775 979 3841 fragm.
1001 3789 1027 3839 p.
1045 3773 1089 3839 51)
1119 3771 1245 3838 reJeoisee
1271 3770 1349 3822 credo

329 3869 430 3936 Heyuli
448 3867 553 3933 (Opusc.
572 3864 647 3916 acad.
664 3863 685 3915 Ι.
703 3863 749 3928 98)
766 3861 936 3924 sententiam,
960 3859 1096 3911 doctrinae
1116 3861 1218 3927 copiam
1244 3856 1349 3909 abillis

328 3955 414 4023 postis
431 3951 576 4005 exhibitam
594 3947 748 4016 reprehendi
765 3949 824 4000 loco
842 3947 983 3998 Ludaueo.
