2898 5000
830 391 873 464 20

286 645 287 648 ,
341 586 390 642 ter
419 578 453 642 in
482 578 607 666 seriptis
629 578 802 646 Lucianeis
829 580 993 666 leguntur:
1030 580 1066 643 in
1086 578 1150 644 fine
1173 577 1298 658 Char„
1338 578 1394 664 qui

342 689 374 744 et
397 681 467 766 ipse
491 681 532 745 de
557 680 707 746 sedicit:
742 683 819 769 περὶ
844 678 1002 768 Χάρωνος
1025 676 1055 747 δ’
1078 680 1180 754 οὐδεὶς
1199 678 1310 762 λόγος
1337 677 1394 766 (cf.

341 784 494 870 interppr.
516 782 558 847 ad
578 780 667 866 loe),
699 805 794 869 porro
816 783 897 870 Fug.
922 777 983 866 28,
1015 783 1069 848 ubi
1104 782 1261 848 dominus
1300 782 1393 846 servi

343 883 511 971 cujusdem
535 884 664 968 fugitivi
685 885 738 948 'eui
756 906 875 950 nomen
907 894 955 950 est
977 884 1166 967 Cantharus,
1192 882 1392 948 exclamat:

342 971 444 1072 οἶτῆς
464 987 608 1074 volupe,
637 981 654 1052 ὃ
680 985 851 1071 Κάνθαρος
878 987 1067 1072 φιλοσοφεῖ,
1100 983 1191 1072 ἡμῶν
1212 987 1240 1050 δ’
1271 981 1393 1055 οὐδεὶς

340 1087 441 1169 λόγος.
487 1086 613 1174 (latapl.
625 1084 677 1168 14,
699 1087 756 1152 ubi
778 1088 913 1175 Micylus
936 1097 1024 1154 sutor
1046 1088 1087 1153 ad
1105 1088 1225 1154 Oreum
1244 1087 1392 1152 delatus

341 1211 383 1254 ex
401 1189 505 1254 Parca
528 1190 669 1275 quaerit:
705 1188 779 1255 εἰπέ
792 1214 863 1272 μοι,
886 1181 912 1254 ὦ
934 1191 1079 1270 Κλωθοῖ,
1101 1187 1181 1274 ἐμοῦ
1202 1188 1238 1256 δὲ
1267 1183 1390 1258 οὐδεὶς

240 1311 243 1318 ·
341 1290 447 1374 λόγος

425 1392 474 1457 Ne
501 1402 609 1457 tamen
639 1391 710 1477 quis
729 1390 911 1457 Lucienum
937 1392 1046 1457 eredat
1072 1394 1106 1457 in
1129 1392 1225 1456 meris
1248 1391 1388 1456 Aristo-

340 1495 457 1581 phanis
481 1493 588 1558 verbis
609 1493 773 1570 imitandis
795 1494 982 1574 substitisse,
1005 1493 1196 1559 recensendi
1213 1501 1298 1558 sunt
1320 1493 1386 1557 loci

340 1596 481 1683 quidam,
503 1594 559 1660 ubi
580 1593 637 1658 ille
656 1597 787 1660 inventa
805 1605 902 1682 atque
919 1597 1127 1679 cogitationes
1145 1596 1261 1660 comici
1285 1616 1386 1682 prae-

340 1699 526 1763 stantissimi
548 1698 583 1760 in
606 1697 725 1782 scripta
747 1719 805 1762 sua
829 1700 965 1785 recepit:
996 1720 1059 1783 quo
1073 1719 1125 1768 ,ex
1150 1718 1272 1780 genere
1300 1698 1384 1784 quin

340 1799 496 1864 nonnulla
517 1800 583 1863 iarn
604 1807 698 1864 antea
719 1799 900 1881 afferemus,
920 1800 1026 1864 facere
1048 1822 1114 1863 non
1135 1800 1319 1885 potuimus.

426 1902 628 1986 Frequentur
669 1901 766 1984 igitur
805 1899 1054 1987 Aristophanes,
1097 1912 1133 1967 ut
1171 1899 1381 1964 hilaritatem

340 2005 504 2089 risumque
521 2001 764 2067 Atheniensium
781 2011 932 2086 moveret,
956 2004 1142 2090 peregrinos
1166 2012 1197 2067 et
1212 2002 1381 2067 barbaros

341 2126 400 2168 sua
421 2103 556 2168 dialecto
579 2103 748 2190 loquentes
771 2105 907 2186 inducit,
940 2104 1029 2170 velut
1050 2105 1198 2169 Lacones
1220 2105 1255 2169 in
1278 2104 1379 2190 Lysi-

340 2215 448 2287 strata,
481 2205 634 2291 Scytham
659 2207 693 2268 in
720 2204 930 2291 Thesmoph„
963 2204 1095 2271 Persam
1124 2209 1159 2270 in
1180 2205 1378 2271 Acharneu-

338 2308 439 2384 sibus3
473 2306 547 2371 add.
571 2316 735 2393 praeterea
760 2307 860 2372 verba
882 2306 1017 2372 dialecto
1042 2308 1158 2373 Jonica
1182 2307 1317 2393 prolata
1342 2309 1376 2368 in

338 2409 413 2477 Pac.
437 2405 489 2476 47.
509 2404 561 2477 48.
597 2447 639 2457 —-
671 2409 781 2474 Hoeoe
816 2409 987 2473 artificium
1025 2411 1189 2476 Lucienus
1225 2410 1376 2474 imitatus

339 2512 373 2574 in
396 2510 461 2574 Vit.
490 2510 581 2574 Auct.
615 2507 645 2578 3.
680 2505 721 2576 13
763 2510 982 2596 Pythagoram
1014 2510 1214 2577 Heraclitum
1249 2511 1376 2576 Demo·

339 2613 464 2693 critum,
493 2611 528 2674 in
555 2612 607 2676 De
630 2612 725 2681 Dom.
753 2608 796 2678 20
819 2612 1019 2678 Herodotum
1045 2614 1149 2678 ionice
1172 2613 1375 2679 disserentes

339 2712 431 2782 facit.¹

412 2814 552 2883 Acharn.
575 2809 639 2881 910
660 2837 706 2902 sq.
761 2813 938 2880 Nicarchus
967 2815 1167 2901 sycophanta
1195 2816 1373 2882 ridiculam

339 2919 380 2984 ob
416 2939 561 2983 caussam
598 2938 632 2982 se
665 2917 828 2980 minitatur
849 2926 1073 2983 accusaturum
1104 2939 1174 2983 esse
1196 2919 1371 2998 Boeotum,

339 3021 460 3107 quippe
481 3020 536 3105 qui
557 3016 727 3082 eonsilium
751 3019 880 3103 ceperit,
903 3018 1149 3084 Atheniensium
1167 3019 1298 3085 navalia
1323 3021 1371 3084 in·

339 3120 486 3186 candere.
530 3118 635 3185 Simili
663 3121 757 3185 nixus
787 3123 1067 3205 argumentatione
1088 3122 1230 3187 Demeas
1258 3123 1370 3187 rhetor

339 3225 373 3287 in
394 3223 474 3293 Luc.
497 3223 580 3292 Tim.
602 3217 655 3290 52.
675 3217 719 3286 53
742 3223 847 3308 injus
871 3232 1042 3289 vocaturus
1065 3232 1113 3288 est
1134 3223 1317 3306 Timonem,
1350 3243 1370 3284 a

339 3346 402 3410 quo
437 3347 542 3389 arcem
577 3324 742 3389 incensam
775 3345 844 3388 esse
875 3327 1026 3390 mentitur
1041 3329 1073 3406 ¹).
1119 3324 1367 3412 Comparendus

339 3435 505 3511 praeterea
528 3425 728 3512 sycophanta
749 3427 782 3489 in
804 3425 903 3492 Arist.
928 3425 1013 3492 Plut.
1037 3423 1101 3492 948
1123 3450 1170 3514 sq.

423 3527 463 3591 In
483 3527 619 3593 Luoiani
639 3527 755 3594 Piscat.
779 3527 1044 3615 philosophorum
1074 3529 1243 3595 clarissimi
1271 3528 1366 3593 indu-

339 3638 463 3710 cuntur,
486 3632 541 3717 qui
566 3631 694 3716 quidem
717 3653 759 3696 ex
777 3629 863 3695 Orco
886 3630 1096 3696 ascendentes
1119 3631 1299 3697 Lucienum
1322 3629 1365 3695 oh

409 3873 434 3938 1)
452 3869 555 3923 Similia
580 3886 595 3921 e
618 3870 754 3922 comoedia
777 3871 866 3936 aliqua
889 3871 967 3926 nobis
992 3870 1098 3923 videtur
1121 3871 1226 3926 duxisse
1245 3872 1362 3944 Alciphr.

229 4015 235 4023 ,
339 3956 360 4009 1.
377 3960 419 4024 sa,
437 3960 453 4009 s
472 3957 511 4012 es.
530 3956 622 4010 seua.
