2972 4978
900 902 934 993 i·
957 900 989 972 5.

518 1091 721 1180 'lhagoediae
742 1089 839 1176 longe
860 1090 1000 1178 praefert
1019 1090 1182 1156 Lucianns
1205 1090 1240 1154 id
1265 1094 1371 1178 poesis
1392 1113 1444 1158 soe·

431 1195 526 1260 nicae
547 1215 659 1280 genus,
682 1191 769 1279 quod
782 1193 958 1278 posteriore
980 1192 1269 1279 demum'tempore
1284 1192 1444 1259 florersin·

425 1297 529 1381 oepit,
542 1297 817 1382 pantonimum
832 1294 921 1360 dico:
943 1293 984 1359 de
1000 1315 1063 1380 qno
1079 1316 1208 1379 genere,
1224 1294 1265 1361 ab
1281 1294 1347 1359 iliis
1361 1298 1443 1382 scrip·

424 1396 557 1463 toribus
573 1398 662 1484 justo
686 1395 791 1480 magis
812 1394 967 1481 neglecto,
999 1416 1084 1482 quae
1105 1396 1269 1462 Lucianus
1294 1397 1329 1460 in
1350 1395 1443 1460 libello

434 1498 487 1564 De
518 1495 730 1582 Saltatione¹l
757 1496 869 1581 tradit,
914 1518 1031 1583 operae
1064 1500 1124 1562 crit
1154 1499 1295 1585 pretium
1326 1497 1445 1562 breviter

437 1619 587 1664 enarrare
598 1603 634 1679 ²).
678 1598 717 1663 In
741 1599 1050 1685 omnipantomimo
1072 1598 1257 1686 peragando
1282 1609 1347 1664 tres
1368 1599 1443 1684 potis·

435 1701 552 1767 simum
574 1700 608 1764 in
631 1721 761 1766 soonam
784 1700 962 1786 prodeunt:
995 1700 1136 1786 primum
1160 1709 1248 1766 actor
1269 1693 1443 1791 (ὀρχηστής),

435 1800 644 1888 quiquidem
668 1801 703 1865 id
725 1803 821 1867 unice
843 1802 962 1885 studet,
993 1811 1029 1866 ut
1049 1803 1219 1868 saltatione
1238 1811 1394 1889 gestuque
1412 1800 1442 1863 fa-

433 1901 545 1968 bulam
567 1923 652 1989 quae
673 1904 780 1988 agitur:
804 1907 982 1990 exprimat:
1006 1925 1034 1971 o.
1050 1899 1100 1970 62.
1113 1899 1172 1985 63;
1194 1903 1313 1968 deinde
1337 1902 1442 1980 chorus,

436 2006 492 2091 qui
515 2004 616 2090 lyrica
638 2005 797 2092 quaedam
821 2007 963 2070 carmina
993 2005 1087 2092 (μέλη
1109 2027 1137 2069 e.
1162 1999 1227 2090 72)
1242 2014 1374 2070 cantans
1394 2025 1442 2068 om·

434 2107 492 2169 nia
510 2127 558 2188 ea,
581 2127 645 2193 que
667 2105 779 2171 histrio
801 2108 940 2190 exhibet,
963 2106 1185 2193 spectantibus
1199 2109 1342 2172 nuntiat:
1365 2128 1387 2170 c.
1402 2100 1442 2170 633

433 2216 595 2292 postremo
636 2206 795 2272 accedunt
825 2209 954 2287 musici,
996 2208 1038 2272 ad
1073 2229 1209 2295 quorum
1238 2208 1441 2296 symphoniam

435 2309 533 2374 choro
555 2308 738 2374 canendum
762 2317 818 2374 cst
870 2308 961 2374 Haec
982 2311 1045 2374 tria
1067 2309 1178 2396 paullo
1200 2312 1379 2376 accuratius
1404 2329 1441 2373 ex-

435 2409 585 2476 cutienda
607 2420 690 2476 sunt.
736 2411 811 2496 Ipso
838 2411 936 2495 igitur
959 2409 1048 2476 actor
1075 2432 1214 2498 persona
1240 2411 1372 2477 indutus
1391 2430 1465 2498 pro:

435 2510 529 2591 cedit,
545 2521 578 2576 et
592 2533 631 2576 ea
645 2511 776 2598 quidem
790 2511 1017 2598 pulcherrima,
1032 2533 1110 2595 non,
1134 2513 1217 2576 sicut
1230 2515 1266 2577 in
1280 2511 1441 2589 comoediis,

434 2610 535 2676 hianti
554 2634 593 2677 ao
613 2612 749 2678 ridicule
771 2622 931 2679 contorta:
965 2636 1048 2701 quae
1069 2613 1200 2700 quidem
1218 2636 1368 2700 persona,
1388 2632 1440 2677 cun
1463 2659 1464 2721 ,

432 2712 475 2778 ad
498 2713 738 2780 similitudinem
759 2712 909 2798 hominis,
939 2717 995 2801 qui
1017 2714 1185 2794 inducitur,
1210 2715 1296 2782 facta
1319 2719 1367 2794 sit,
1388 2731 1440 2778 cun

432 2813 498 2880 alia
516 2816 743 2883 commutanda
766 2824 823 2894 est,
848 2817 873 2881 si
897 2817 968 2904 quis
991 2815 1073 2883 alius
1096 2818 1130 2880 in
1153 2837 1283 2882 scenam
1302 2813 1440 2904 procedit:
1462 2847 1463 2882 i

433 2937 459 2984 c.
475 2912 526 2988 66.
574 2917 674 2998 Quali
691 2918 804 2984 habitu
824 2920 928 2985 ornati
950 2916 1067 2983 fuerint
1082 2917 1259 3002 saltatores,
1281 2919 1439 2984 eLuoiano
1462 2891 1463 2965 l

431 3038 498 3082 non
517 3018 631 3103 elucet,
664 3021 728 3085 nisi
751 3020 840 3108 quod
862 3042 887 3085 o.
913 3014 955 3086 63
977 3021 1077 3086 vestis
1099 3019 1211 3087 Serica
1232 3021 1279 3085 eis
1302 3020 1439 3085 tribuitur.
1461 3105 1462 3110 γ

431 3117 526 3185 Solos
559 3122 645 3186 viros
678 3120 819 3188 saltandi
851 3120 958 3187 officio
993 3121 1122 3187 fundos
1151 3144 1222 3188 esse
1244 3122 1341 3186 docet
1360 3143 1385 3190 c.
1404 3109 1439 3184 28.

431 3214 474 3287 67
496 3242 553 3286 ex:
588 3243 653 3308 qua
675 3223 807 3310 quidem
831 3245 867 3288 re
888 3224 1078 3309 pantomimi
1099 3247 1120 3287 a
1136 3224 1246 3289 mimis
1268 3223 1393 3303 distant,
1418 3217 1440 3279 in

407 3321 551 3412 ¹quibus
590 3321 730 3390 feminae
772 3325 955 3412 frequentes
987 3325 1266 3411 conspiciebantur
1307 3325 1359 3407 (cf.
1391 3320 1439 3386 Oit

431 3419 517 3490 Phil.
540 3422 583 3494 Π.
605 3419 658 3493 22.
679 3420 732 3492 24.
746 3423 797 3496 25.
815 3423 867 3493 27.
883 3421 950 3512 39).
974 3462 1017 3474 ·-
1036 3425 1212 3492 Multarum
1232 3449 1340 3494 rerum
1363 3425 1440 3492 soien-

374 3582 382 3594 „
432 3522 511 3589 tiam
523 3524 687 3593 Lucienus
709 3537 745 3595 ut
766 3527 934 3594 saltatores
958 3528 1100 3595 habeant
1120 3529 1243 3616 poscit:
1263 3540 1299 3596 ut
1317 3527 1439 3596 omniun

501 3716 527 3780 1)
547 3715 626 3769 Hunc
650 3715 787 3784 dialogum
806 3718 955 3783 Bckkarus,
982 3720 1084 3785 priores
1105 3717 1196 3769 nescio
1221 3732 1285 3782 quos
1306 3659 1460 3784 interpretes*

431 3802 535 3851 secutus
552 3803 671 3867 spurium
687 3802 834 3867 judicavit:
853 3818 931 3868 quarn
949 3804 1107 3854 sententiam
1120 3802 1275 3856 Dindoriins
1294 3811 1321 3857 at
1333 3806 1438 3857 Somno·
1458 3851 1459 3858 ,

431 3883 552 3938 brodtius
565 3885 631 3949 juro
648 3887 804 3953 rejecerunt.
1458 3863 1459 3943 l

500 3971 528 4038 2)
549 3973 607 4024 Hoc
624 3973 683 4025 looo
700 3989 844 4037 monemus,
867 3988 916 4024 nos
934 3987 988 4024 non
1005 3973 1034 4024 id
1052 3989 1141 4040 agere,
1160 3978 1190 4025 nt
1207 3974 1362 4042 pantomimi
1378 3973 1438 4021 histo·
1457 4021 1458 4028 χ

432 4057 498 4109 darn
517 4072 712 4125 componamus,
731 4058 776 4112 sod
798 4063 827 4110 nt
846 4075 885 4123 os,
903 4075 971 4125 quae
989 4059 1052 4113 Luc.
1070 4060 1103 4112 ds
1119 4059 1167 4114 illo
1185 4060 1274 4138 retem,
1294 4065 1439 4129 exponenti·
