2898 5000
893 411 937 488 80

401 605 586 670 comoediae
607 605 782 672 imitatores
805 608 839 670 in
861 606 1015 673 auxilium
1034 607 1172 674 vocandi
1188 613 1280 676 sunt.
1334 603 1429 670 Lucia·

319 767 327 783 ,
400 729 461 773 nus
495 710 530 772 in
552 708 659 794 Fugit.
681 703 722 774 19
758 707 968 796 philosophos
991 709 1148 797 quosdam
1180 709 1224 776 ait
1248 706 1429 794 impudenl

401 809 588 874 adulatione
622 809 718 895 longe
743 831 895 896 superare
915 809 1154 898 Gnathonidem
1186 819 1218 875 et
1241 809 1429 883 Struthiam

401 909 477 979 add
500 909 583 978 Tim.
607 907 651 978 45
673 933 731 998 sq„
752 911 809 978 ubi
831 913 901 998 ipse
923 911 1145 978 Gnathonides
1165 911 1358 976 inducitur.
1393 909 1430 972 llx

401 1011 451 1076 his
474 1012 634 1078 Struthias
653 1016 686 1078 in
707 1012 878 1078 Menandri
899 1013 1017 1080 Colace
1038 1021 1103 1078 tam
1127 1014 1280 1098 egregias
1308 1011 1428 1098 parasiti

401 1121 434 1178 et
456 1113 633 1179 adulatoris
651 1123 759 1200 partes
779 1117 853 1200 egit,
887 1125 923 1181 ut
943 1138 1061 1181 nomen
1085 1117 1153 1203 ejus
1175 1115 1209 1178 in
1222 1112 1426 1200 proverbim

400 1213 503 1278 abiret
517 1208 551 1308 Ι).
596 1215 776 1281 Gnathonis
805 1216 886 1304 (non
908 1217 1039 1304 quidem
1061 1215 1297 1296 Gnathonidis)
1323 1235 1427 1279 nomen

400 1317 434 1379 in
458 1315 586 1384 Terent.
605 1315 766 1388 Eunucho
788 1341 858 1384 esse
882 1341 993 1384 omnes
1017 1320 1130 1387 sciunt.

488 1417 527 1482 ln
546 1417 627 1483 Luc.
650 1417 737 1484 Gall.
760 1417 802 1485 14
823 1418 919 1485 homo
943 1420 1085 1508 quidam,
1108 1422 1159 1486 cui
1181 1443 1312 1487 nomen
1331 1419 1426 1484 Simon

401 1519 455 1584 vel
477 1527 514 1583 ut
536 1519 605 1605 ipse
626 1520 750 1586 mavult
771 1519 952 1606 Simonides
965 1525 1006 1605 ²),
1038 1533 1209 1610 postquam
1231 1531 1425 1610 repentem

401 1621 590 1707 pauperimo
612 1622 700 1687 dives
721 1622 824 1688 factus
847 1633 904 1706 est,
929 1644 1087 1689 summam
1111 1625 1342 1710 arrogantiam
1367 1642 1426 1708 prae

402 1745 436 1788 se
459 1723 542 1788 ferre
559 1733 721 1808 narratum
743 1725 860 1812 quibus
880 1725 973 1791 dictis
991 1725 1136 1791 additur:
1158 1721 1197 1791 τό
1220 1724 1257 1791 δὲ
1271 1732 1423 1808 μέγιστον,

402 1821 462 1913 ἤδη
481 1827 533 1891 καὶ
552 1822 670 1910 ἐρῶσιν
692 1821 788 1892 αὐτοῦ
810 1826 844 1892 αἱ
863 1835 1014 1909 γυναῖκες,
1038 1823 1057 1891 ὁ
1081 1825 1117 1892 dd
1136 1825 1333 1912 θρύπτεται
1356 1821 1425 1908 πρὸς

381 1921 497 2000 ratris
528 1928 580 1993 nul
610 1925 758 2014 ὑπερορᾷ
789 1930 841 1994 καὶ
873 1921 928 2002 τὰς
960 1931 1021 2011 μὲν
1053 1933 1224 2015 προσίεται
1252 1931 1314 1994 καὶ
1350 1923 1422 1995 ἵλεώς

401 2027 500 2112 ἐστιν,
533 2029 566 2095 αἱ
587 2029 623 2095 dd
640 2025 830 2097 ἀπειλοῦσαι)
851 2023 1042 2116 drepanium
1064 2028 1177 2103 ἑαυτὰς
1197 2027 1422 2113 ἄμωλοὺμεναιτ

401 2131 592 2218 quibuscum
627 2131 724 2196 velim
758 2133 903 2197 conferas
936 2132 1043 2197 Plauti
1075 2131 1144 2204 Mil.
1178 2131 1267 2201 Glor.
1295 2125 1420 2200 60-ΊῖΙ

303 2309 307 2318 1
402 2227 613 2301 1037-1087
635 2233 672 2297 lt
695 2271 736 2282 -
755 2233 934 2320 Praecipue
952 2255 1030 2300 vero
1053 2234 1115 2299 hoo
1137 2235 1208 2300 loco
1239 2235 1268 2298 ei
1296 2231 1421 2299 Luciani

402 2333 506 2401 libelli
528 2334 623 2400 nobis
644 2333 837 2422 respiciendi
858 2345 941 2419 sunt,
961 2357 1043 2423 quos
1061 2359 1079 2400 e
1097 2333 1268 2400 comoediis
1286 2343 1420 2421 sumptos

402 2459 473 2504 osse
495 2436 590 2502 multi
605 2436 824 2517 observarunt
846 2460 939 2504 nemo
961 2436 1074 2525 paullo
1089 2437 1218 2503 uberius
1234 2439 1389 2525 exposuit
1396 2438 1420 2512 ³),

402 2538 561 2625 Dialogos
584 2537 654 2603 dieo
668 2537 872 2609 Meretrieios.
912 2540 1008 2620 Quod
1024 2539 1154 2627 quidem
1169 2542 1316 2605 maxime
1332 2539 1420 2604 elucet

403 2662 421 2704 e
443 2638 573 2726 Dialog.
596 2639 622 2707 Ι.
646 2639 705 2708 ΙΧ.
729 2641 822 2708 XIII.
844 2639 925 2706 XV:
959 2643 992 2706 in
1016 2641 1133 2729 quibus
1157 2641 1276 2708 milites
1301 2637 1419 2727 gloriosi

403 2762 534 2827 prorsus
568 2741 689 2806 eisdem
713 2741 873 2808 coloribus
902 2751 999 2830 atque
1028 2745 1062 2808 in
1081 2765 1168 2810 nova
1190 2745 1363 2810 comoedia
1382 2740 1418 2804 de-

403 2846 589 2930 pinguntur.
631 2843 669 2907 ln
691 2842 777 2908 Diel.
801 2845 827 2914 1.
850 2843 950 2923 miles,
974 2844 1014 2909 de
1037 2867 1101 2932 quo
1124 2855 1172 2911 est
1194 2867 1313 2930 sermo,
1334 2844 1419 2911 Acar

403 2968 508 3012 nanus
523 2945 639 3011 dicitur
649 2949 685 3029 ⁴¹),
706 2945 789 3012 alius
809 2948 844 3011 in
858 2947 989 3031 Dialog.
999 2947 1062 3012 XV
1085 2956 1133 3013 est
1143 2947 1280 3014 Aetolus
1295 2965 1417 3034 genere:

473 3123 497 3185 1)
515 3119 555 3169 De
573 3119 629 3184 ipsa
647 3117 736 3170 fabula
754 3118 787 3182 of.
801 3118 917 3172 Meinek.
930 3117 977 3170 lV.
997 3134 1023 3184 p.
1036 3121 1096 3171 152.
1130 3119 1259 3172 Addimus
1271 3119 1416 3188 Aleiphron¹

404 3207 468 3258 La
488 3204 537 3256 111.
557 3205 600 3254 43.
643 3203 682 3254 De
700 3203 833 3255 Suuthiae
859 3203 966 3255 nomine
993 3204 1048 3269 egit
1074 3204 1184 3256 Lorenn.
1207 3205 1247 3256 ad.
1265 3207 1357 3258 Plaut.
1376 3198 1417 3252 llil·

403 3310 429 3359 p.
447 3293 499 3342 250
516 3295 571 3343 not.
589 3290 614 3340 5.

473 3378 498 3441 2)
519 3375 596 3426 Tales
622 3373 742 3426 homines
771 3375 911 3440 magnifica
934 3389 965 3424 ao
996 3374 1069 3426 lauta
1088 3375 1196 3426 nomina
1215 3375 1268 3428 sibi
1295 3375 1417 3443 imponere

403 3463 497 3515 solitos
516 3476 573 3513 esse
590 3460 706 3512 ostendit
723 3460 856 3527 Theophr.
874 3459 996 3514 charact.
1013 3461 1131 3512 XXVIII
1147 3461 1192 3525 in..
1222 3476 1300 3526 quem
1320 3461 1417 3525 nauium¹

405 3565 460 3601 rom
480 3563 494 3598 e
512 3546 653 3598 comoediis
671 3549 755 3598 multa
771 3548 878 3613 petiisse
896 3561 944 3612 pro
964 3549 1036 3596 certo
1056 3547 1186 3598 affirmare
1204 3546 1297 3598 ausim.

473 3635 500 3700 3)
516 3633 621 3684 Primus
641 3631 674 3682 da
697 3632 748 3684 hac
766 3648 795 3684 re
813 3631 890 3685 docte
908 3647 1033 3698 quaerere
1054 3631 1172 3684 instituit
1189 3633 1301 3683 Lorena.
1319 3633 1348 3682 in
1368 3629 1417 3679 Ero

405 3720 438 3772 ad
455 3721 542 3771 Plaut.
559 3717 617 3768 Mil.

473 3806 502 3873 4)
516 3802 639 3868 Ejusdem
665 3803 782 3857 nationis
802 3805 878 3856 miles
905 3807 946 3856 est
967 3801 1348 3870 apudAloiphr.111.1b,2:
1376 3811 1418 3864 (111⁰

405 3892 464 3944 loco
490 3894 625 3958 praetcrea
658 3889 735 3942 miles
760 3888 898 3942 Maliensis
923 3883 1071 3956 (Malam)
1102 3894 1336 3952 commemoratum
1369 3880 1416 3936 adl·

404 3977 452 4029 111.
473 3977 516 4028 58.
1433 3979 1434 3982 ’

1420 4923 1434 4970 l
