2972 4978
557 426 600 502 29

147 621 202 682 Ex
223 636 355 682 novae
377 615 619 682 comoediae
639 617 744 703 poetis
765 615 928 683 Lucienus
949 616 1089 703 primum

57 720 139 784 citat
158 716 446 802 Philemonem,
468 718 611 784 incertae
629 717 760 785 fabulae
779 717 995 804 fragmentum
1015 719 1090 784 affe-

57 843 138 886 rens
151 821 186 884 in
202 818 310 885 libello
326 821 383 907 qui
397 821 581 886 inscribitur
593 820 742 887 Calumn.
756 842 782 889 c.
795 819 856 904 6¹).
879 820 1089 886 Menandri

59 921 248 988 comoedias
270 913 450 987 Luciannm
484 923 658 1008 diligenter
681 921 841 988 lectitasse
869 930 967 1008 atque
989 922 1090 988 imita·

61 1035 131 1089 tum
160 1024 264 1104 esse²)
295 1045 359 1089 uno
390 1024 503 1090 saltem
538 1024 607 1091 loco
642 1024 818 1090 clarissime
845 1033 952 1110 potest
973 1025 1089 1089 evinci.

60 1126 192 1192 Etenim
214 1125 249 1189 in
263 1123 454 1212 Pseudolog.
477 1123 542 1195 c.4
562 1126 735 1205 Lucienus,
755 1135 791 1191 ut
813 1127 846 1188 in
869 1126 1089 1192 convincendo

61 1227 237 1292 Timarcho
279 1226 407 1292 homine
448 1227 727 1314 impudentissimo
765 1237 862 1314 atque
904 1227 1089 1294 stultissimo

61 1330 151 1395 hono
173 1337 281 1394 utatur
303 1350 462 1412 successu,
482 1331 519 1416 in
541 1328 700 1395 auxilium
724 1339 818 1394 vocat
839 1328 1020 1394 Elenchum
1040 1329 1090 1394 his

60 1431 186 1498 verbist
218 1430 435 1516 παρακλητέος
457 1425 534 1517 ἡμῖν
552 1429 616 1498 τῶν
637 1428 830 1516 Μενάνδρου
851 1432 1021 1517 προλόγων
1044 1419 1091 1504 οἷς

62 1529 81 1598 ὅ
111 1529 275 1616 Ἔλεγχος;
311 1532 428 1598 deinde
458 1541 629 1620 postquam
656 1532 835 1598 Elenohum
867 1532 1011 1598 hortatus
1041 1542 1089 1598 ost

61 1636 106 1702 ad
127 1643 237 1722 partes
258 1643 422 1721 susceptas
447 1633 570 1699 fortiter
591 1634 741 1718 urendas,
776 1633 939 1699 Timarchi
962 1637 1090 1722 impura

62 1738 168 1803 selera
190 1757 264 1801 eum
284 1737 485 1823 aperientem
508 1734 639 1801 inducit.
683 1736 775 1801 Idem
797 1734 960 1803 Elenchus
981 1737 1089 1824 prodit

61 1842 97 1905 in
119 1839 201 1906 Pisc.
226 1835 267 1906 17
288 1861 347 1926 sq„
379 1838 559 1904 Luciannm
586 1840 621 1903 in
642 1836 833 1906 refuntanda
853 1847 998 1903 veterum
1018 1839 1088 1925 phi-

61 1942 271 2028 losophorum
309 1941 527 2006 criminatione
561 1939 737 2027 adjuturus.
797 1941 985 2006 Rectissime
1023 1942 1115 2006 iam.

60 2042 278 2130 Bentlejusi),
310 2064 374 2130 quo
400 2051 467 2108 erat
496 2043 619 2127 ingenii
640 2044 794 2124 acumine,
821 2037 969 2124 Ἔλεγχον
989 2042 1089 2108 luisse

65 2143 259 2230 „Prologum
282 2144 341 2209 sub
364 2142 417 2209 dei
437 2144 543 2230 specie
564 2144 605 2209 ab
624 2143 771 2210 Elenoho
791 2146 975 2209 narratum“
998 2143 1089 2215 vidit
1136 2197 1140 2206 ,

62 2245 209 2312 Contulit
241 2267 315 2311 cum
336 2245 399 2311 hoc
421 2247 555 2332 prologo
577 2246 745 2333 Bentlejus
766 2250 946 2327 Arcturum,
979 2247 1089 2335 quiin

62 2348 170 2414 Plauti
204 2347 352 2414 Rudente
390 2348 604 2435 proloquendi
635 2347 742 2414 officio
775 2347 932 2435 fungitur3
964 2349 1089 2433 melius,

62 2452 97 2516 ni
119 2450 225 2534 fallor,
258 2451 373 2516 afferre
399 2459 525 2537 poterat
546 2449 746 2534 Trinumum,
782 2451 871 2537 cujus
900 2451 933 2514 in
955 2450 1088 2536 prologo

62 2553 211 2618 Luxuria
244 2574 317 2617 cum
353 2552 547 2638 Paupertate
580 2553 614 2616 in
647 2573 743 2618 scena
774 2573 809 2616 se
836 2552 977 2618 exhibet.
1027 2552 1092 2634 Oui

63 2663 172 2720 tamen
190 2653 362 2720 Menandri
384 2652 569 2719 comoediae
592 2653 648 2720 ille
670 2655 857 2736 inservierit,
884 2653 980 2741 plane
1000 2655 1088 2740 igno·

63 2779 183 2840 ramus,
205 2758 249 2822 ita
273 2764 310 2822 ut
332 2764 480 2821 accurate
502 2756 567 2820 diei
587 2778 654 2822 non
674 2757 791 2842 possit,
823 2778 902 2821 num
922 2765 1089 2844 praeterea

63 2859 225 2946 quaedam
248 2857 411 2924 Lucienus
431 2879 473 2922 ex
497 2880 535 2923 ea
558 2855 669 2923 fabula
689 2858 841 2924 hauserit.

151 2960 224 3026 Alia
248 2982 331 3047 quae
344 2960 508 3026 Lucianus
531 2981 549 3024 e
571 2960 738 3027 comoedia
759 2983 845 3027 nova
856 2968 1019 3026 mutuatus
1042 2971 1090 3027 est

63 3064 90 3128 si
122 3063 194 3148 quis
226 3083 418 3148 cognoscere
441 3063 538 3149 cupit,
571 3061 704 3129 Plautus
738 3072 770 3130 et
790 3062 959 3130 Terentius
983 3085 1089 3130 novae

63 3301 176 3357 Diodori
194 3301 232 3353 ib.
252 3319 277 3368 p.
299 3303 350 3352 543
369 3317 409 3367 sq.
451 3302 614 3367 Quemquam
633 3301 733 3354 similia
753 3304 780 3353 in
799 3319 869 3355 nove
886 3302 1023 3354 comoedia
1039 3304 1089 3354 ali·

63 3389 186 3454 qnotines
212 3391 325 3438 tractatu
352 3402 409 3440 esse
439 3393 550 3452 constat,
578 3387 612 3440 of.
638 3388 733 3457 fragm.
751 3389 855 3442 Nicolui
882 3405 924 3457 up.
944 3389 1024 3441 Mein.
1041 3389 1088 3440 1v.

61 3491 87 3540 p.
109 3475 169 3526 579.

135 3561 161 3623 l)
179 3558 219 3610 cf.
238 3556 319 3609 Mein.
337 3557 383 3608 IV.
401 3574 428 3623 p.
446 3558 488 3608 66.

132 3644 158 3712 λ)
181 3644 306 3695 Virorum
324 3642 461 3696 doctorum
478 3644 595 3708 nomine,
616 3647 662 3710 qui
679 3647 759 3714 primi
776 3646 861 3699 hence
878 3661 933 3698 rem
950 3659 1089 3715 perspexe-

63 3734 134 3794 runt,
164 3729 220 3781 vid.
240 3745 282 3796 ap.
299 3728 416 3782 Moinek.
437 3731 465 3780 in
486 3729 622 3784 Menandr.
644 3735 671 3782 et
693 3732 854 3786 Philemonis
870 3733 974 3800 Reliqu.
991 3733 1089 3798 (Borol.

65 3817 146 3882 1823)
164 3815 247 3883 praef.
268 3832 294 3883 p.
312 3815 424 3868 XXXV.
735 3827 737 3832 '

134 3901 160 3968 8)
178 3899 315 3952 Emendat.
343 3900 371 3952 in
397 3901 533 3956 Menandr.
562 3907 589 3954 et
615 3902 725 3956 Philum.
749 3921 775 3971 p.
794 3904 852 3968 460,
879 3919 949 3972 pone
970 3904 1088 3958 Meinek.

62 3986 135 4040 Mon.
153 3991 179 4039 at
197 3985 265 4040 Phil.
283 3985 387 4053 Reliqu.
1087 3999 1090 4006 '
