2898 5000
555 403 603 488 33

53 595 251 665 Lucianum
285 597 320 663 in
352 594 440 665 Dial.
462 593 558 669 XIII.
578 593 597 660 1
621 615 669 684 sq.
703 615 738 662 se
767 599 888 678 narrat,
920 591 1093 662 fortissimo

55 698 208 766 hostium
230 697 313 764 duce
337 704 497 786 superato,
528 705 627 764 totam
658 697 762 764 aciem
797 697 832 761 in
855 703 978 762 tantam
998 695 1095 782 trepi-

59 801 231 868 dationem
255 802 440 889 conjecisse,
473 807 508 865 ut
541 807 633 888 terga
665 820 777 866 omnes
800 800 1004 879 verterent1).
1048 795 1096 864 si-

59 901 157 968 milia
177 924 243 968 non
268 900 368 970 semel
389 903 423 967 in
448 901 615 968 comoedia
636 923 722 970 nova
743 900 903 986 leguntur,
933 899 972 971 ef.
995 898 1096 966 Phoe·

60 1003 186 1070 nicidis
215 1004 432 1090 fragmentum
458 1003 569 1091 (Mein.
593 1005 650 1073 IV.
678 1028 711 1092 p.
739 999 826 1086 511),
861 1001 916 1068 uhi
945 1001 1097 1068 meretrix

62 1105 230 1193 quaedam
252 1106 292 1172 de
316 1107 427 1188 milite,
452 1126 547 1193 quem
570 1115 666 1192 amat,
686 1106 767 1172 haee
790 1103 904 1176 refert:

198 1245 240 1256 -
261 1202 316 1274 διὰ
336 1203 457 1280 παντὸς
480 1193 570 1282 οὗτος
591 1206 647 1282 τὰς
668 1206 770 1294 μάχας
919 1277 922 1284 ,

194 1305 331 1392 Ἔλεγεν,
352 1302 487 1376 &detrusi
508 1303 575 1396 ἅμα
594 1311 691 1394 λέγων
712 1304 753 1376 τὰ
775 1305 947 1395 spasmo.

158 1411 363 1480 Conferenda
395 1419 470 1478 sunt
501 1421 666 1499 praeterea
703 1410 803 1478 verba
838 1407 1099 1498 Pyrgopolinicis

65 1513 226 1580 ridiculae
255 1513 459 1600 gloriationis
493 1512 601 1601 plena,
635 1513 743 1584 Plaut.
772 1513 842 1580 Mil.
865 1507 906 1578 13
928 1533 977 1598 sq.
1010 1507 1099 1597 (coll.

64 1611 113 1684 89
136 1622 214 1704 sq.);
236 1637 382 1682 necnon
405 1615 498 1703 Epid.
522 1616 581 1686 III.
603 1612 635 1699 4,
659 1612 717 1682 152

372 1755 412 1766 -
433 1753 477 1766 -
498 1718 568 1784 Imo
592 1718 619 1783 si
642 1716 773 1784 audias:

158 1816 248 1882 Meas
271 1839 407 1904 pugnas,
428 1818 532 1906 fugias
554 1818 703 1886 manibus
726 1818 873 1885 demissis
895 1815 1037 1884 domum.

69 1919 312 2006 Saepenumero
334 1919 464 2006 quidem
478 1929 600 1988 tantum
618 1920 718 2005 abest,
743 1930 777 1986 ut
800 1941 911 1986 earum
936 1939 1015 2005 quas
1032 1916 1101 2004 jac·

69 2029 146 2086 tant
168 2042 274 2086 rerum
296 2020 398 2088 ullam
419 2022 628 2109 perfecerint,
664 2032 700 2087 ut
721 2022 865 2088 omnium
885 2021 1050 2086 hominum
1071 2027 1103 2084 et

7 2173 9 2176 .
69 2121 268 2188 timidissimi
287 2132 318 2188 et
339 2123 516 2191 stultissimi
539 2126 613 2207 sint,
647 2125 702 2210 qui
724 2122 814 2189 nullo
832 2123 959 2208 negotio
981 2121 1023 2189 ab
1046 2120 1101 2187 ad·

70 2224 222 2288 versariis
250 2245 315 2289 non
336 2226 442 2294 minus
464 2248 562 2313 quam
581 2226 622 2292 ab
644 2226 758 2292 amicis
781 2222 967 2290 fraudentur
993 2245 1033 2289 ao
1056 2222 1103 2290 lu·

72 2323 199 2390 (liberio
231 2324 417 2397 habeantur.
474 2328 513 2394 In
546 2328 626 2398 Luc.
654 2325 741 2392 Dial.
765 2325 824 2396 IX.
845 2321 868 2392 5
889 2325 1102 2392 Philostratus

67 2427 202 2513 juvenis
226 2426 317 2493 militi
338 2429 441 2495 minas
459 2431 595 2513 jactanti
618 2426 807 2515 respondet:
824 2422 880 2498 atr
900 2429 1104 2513 denormare

73 2527 189 2610 ταῦτα,
220 2518 470 2618 detestandos,
501 2527 578 2617 ripis
606 2531 707 2612 λέγεις
735 2529 787 2596 καὶ
809 2526 1022 2619 μορμολύττῃ.
1065 2523 1105 2596 σι)

75 2626 136 2717 γὰρ
170 2625 365 2718 ἀλεκτρυόνα
387 2629 525 2700 πώποτε
557 2624 742 2703 ἀπέκτεινας
775 2624 796 2717 ἢ
825 2628 971 2716 πόλεμον
1001 2625 1105 2707 eder,-

75 2731 151 2798 Hae
186 2740 260 2820 apte
296 2733 502 2800 conferuntur
533 2755 606 2800 oum
628 2733 701 2804 Ter.
724 2730 809 2797 Eun.
835 2727 908 2816 785,
946 2755 1008 2821 quo
1033 2731 1104 2800 loco

77 2831 181 2899 Thais
203 2833 339 2901 militem
361 2837 528 2905 describit:

164 2934 250 3002 Sane
273 2938 360 3025 quod
379 2937 438 3004 tihi
459 2959 547 3004 nunc
568 2940 618 3004 vir
642 2936 791 3003 videatur
812 2937 882 3002 esse
901 2934 963 3019 hio,
984 2933 1106 3002 nebulo

488 3042 624 3126 magnus
646 3047 705 3110 est.

79 3138 167 3208 Ate.
189 3138 293 3207 Plaut
315 3140 383 3210 Mil.
407 3135 545 3210 21-24.
566 3137 617 3212 35.

495 3453 510 3564 .’
546 3480 584 3571 f·
605 3480 662 3549 4.·

147 3753 152 3764 ι
168 3668 220 3734 De
241 3669 359 3754 poesi
379 3667 544 3762 tragica
558 3667 722 3734 Lucianus
738 3690 902 3756 perpauca
915 3669 1020 3740 tradit.
1051 3668 1111 3758 Eu

84 3770 314 3856 antiquissimis
331 3772 443 3857 poetis,
465 3768 660 3858 Thespidem
683 3770 755 3836 dico
775 3769 962 3839 Choerilum
977 3770 1111 3861 Phryni-

156 3979 182 4044 t)
200 3976 302 4044 Operae
321 3977 435 4044 pretium
449 3945 494 4028 est
512 3991 571 4038 eum
582 3975 802 4050 ,hiscsconferre
819 3975 939 4052 Aloiphr.
952 3975 1006 4034 ‚ut
1024 3978 1066 4032 tt.

943 4065 960 4115 8
