2898 5000
882 250 924 322 38

386 453 517 535 propter
539 445 772 532 pantomimum
794 443 957 510 Lucianus
980 441 1126 510 ποικίλον
1154 464 1186 506 ιι
1218 439 1295 524 καὶ)
1317 459 1421 522 πονοι-

387 545 507 632 μόνιοο
527 548 579 613 καὶ
601 545 812 629 πολύμουσον
836 547 928 612 dicit:
959 569 985 610 c.
1008 542 1037 614 7.
1062 538 1113 610 68.
1137 539 1186 608 72.
1237 541 1304 606 Ab
1326 540 1420 605 eoden

387 649 469 714 haec
494 670 618 735 organa
639 657 876 715 memorantur:
908 648 988 714 tibia
1012 641 1053 740 (c.
1077 641 1108 714 2.
1128 641 1179 714 63.
1204 639 1271 711 68.
1298 639 1355 710 72.
1376 637 1432 726 66),

388 753 512 818 cithara
534 757 573 832 (c.
595 747 667 834 26),
702 752 815 839 syrinx
837 745 900 832 (63.
924 743 996 833 68),
1024 746 1208 835 cymbalum
1235 741 1314 829 (68.
1340 740 1391 823 72)
1403 750 1422 846 Ι).

474 891 686 972 Argumenta,
708 886 824 974 quibus
848 887 1117 973 pantomimorum
1139 882 1334 968 scriptores
1350 891 1421 944 utur-

389 999 451 1072 tur,
488 999 520 1054 et
549 1011 592 1054 ex
616 987 735 1053 fabulis
764 989 898 1053 vetustis
921 997 953 1052 et
980 1008 1023 1050 ex
1044 985 1179 1050 historia
1201 982 1350 1048 desumi
1370 1005 1421 1068 pos·

391 1101 475 1173 sunt,
498 1088 674 1155 dummodo
695 1089 868 1176 μιμητικίν
886 1112 917 1153 τι
939 1087 1087 1155 habeant.
1133 1084 1249 1166 Quare
1280 1085 1320 1148 in
1347 1103 1420 1166 argu·

390 1192 505 1258 mentis
541 1190 617 1255 inde
650 1211 670 1253 a
704 1211 731 1254 c.
755 1186 797 1255 37
820 1189 1026 1255 recensendis
1049 1188 1215 1253 Lucienus
1244 1186 1380 1273 pariter
1397 1207 1420 1246 a

391 1302 560 1375 memorat,
594 1313 678 1379 quae
700 1289 761 1356 soli
783 1290 978 1373 comoediae,
1012 1313 1109 1378 quam
1131 1310 1214 1376 quae
1237 1286 1418 1372 tragoediae

392 1393 542 1458 videnter
575 1393 801 1458 convenientia
834 1415 913 1458 esse.
969 1395 1036 1459 Nec
1071 1401 1179 1456 tamen
1200 1389 1301 1454 ultra
1328 1389 1419 1453 finitae

392 1494 518 1561 liberae
540 1497 586 1560 rei
608 1493 759 1580 publicae
781 1504 926 1580 tempora
948 1504 1060 1581 poetas
1087 1494 1121 1557 in
1143 1491 1316 1577 eligendis
1345 1510 1416 1573 argu-

392 1598 510 1662 mentis
531 1597 709 1683 procesisse
732 1595 870 1661 ostendit
891 1617 918 1660 c.
934 1591 992 1662 37:
1016 1596 1105 1682 cujus
1127 1596 1173 1657 rei
1195 1613 1326 1657 caussa
1347 1592 1379 1654 in
1393 1609 1417 1650 eo

393 1699 501 1784 posita
522 1697 657 1780 videtur,
681 1696 769 1783 quod
790 1699 1020 1782 imperatorum
1036 1698 1263 1762 Romanorum
1289 1692 1359 1758 fata
1372 1689 1432 1754 fac-¹

394 1808 492 1886 taque
513 1820 578 1864 non
602 1808 751 1884 poterant
771 1800 895 1882 attingi,
916 1800 979 1864 nisi
1002 1821 1075 1862 oum
1100 1798 1190 1862 exitii
1212 1793 1378 1883 periculo.

482 1934 596 2020 Itaque
626 1953 700 1998 oum
732 1935 922 2020 pantomimi
938 1933 1207 2021 jucundissimam
1229 1944 1305 1998 tam
1330 1904 1432 1995 ocule

394 2057 465 2100 rum
482 2057 578 2122 quam
594 2036 722 2101 aurium
736 2034 986 2101 oblectationem
1000 2036 1200 2123 praeberent,
1218 2057 1292 2100 non
1307 2032 1413 2104 mirum,

397 2136 485 2224 quod
518 2135 575 2202 illo
605 2146 748 2223 tempore
783 2136 930 2201 omnibus
964 2141 1093 2203 summis
1125 2139 1159 2201 in
1180 2136 1316 2202 deliciis
1343 2138 1412 2196 erant

395 2245 642 2325 magnoquet
614 2235 719 2302 studio
753 2237 941 2346 spectabant
942 2259 989 2308 ur
1030 2238 1195 2303 Interdum
1217 2242 1411 2323 spectatores

395 2361 464 2406 rem
496 2339 638 2427 aliquam
672 2321 949 2406 commiseratione
985 2340 1158 2426 dignam
1150 2362 1183 2403 rn
1212 2337 1410 2404 theatro·
1375 2277 1432 2414 adl

397 2442 577 2528 spicientes,
613 2442 731 2507 effusos
762 2463 832 2506 esse
860 2443 894 2506 in
920 2440 1070 2508 lacrimas
1091 2441 1237 2506 videmus
1261 2462 1308 2505 ex
1331 2459 1356 2504 c
1377 2427 1410 2498 79
1430 2465 1432 2572 p

397 2541 517 2607 Contra
548 2542 635 2608 haud
671 2564 745 2607 raro
778 2543 953 2608 eosdem
944 2565 978 2607 m
1000 2543 1143 2609 diversas
1165 2551 1276 2628 partes
1301 2538 1432 2616 abiisse

398 2640 475 2706 aliis
505 2641 592 2709 hunc
623 2642 694 2709 aliis
727 2643 820 2708 illum
845 2644 1029 2710 saltatorem
1051 2643 1324 2731 praeferentibus,
1354 2636 1410 2702 satia

398 2742 538 2809 dilucide
559 2755 714 2812 monstrat
736 2767 764 2810 c.
785 2741 838 2828 84,
873 2766 937 2833 quo
959 2745 1031 2811 loco
1052 2745 1246 2811 vocabulum
1271 2739 1360 2832 quod
1379 2741 1410 2800 esi

399 2848 573 2912 στασιῶται
605 2847 779 2935 respondet
809 2847 1096 2933 Francogallorum
1131 2846 1356 2934 „elaqueurs“.
1381 2872 1408 2884 ”

398 2946 467 3012 Nec
489 2955 612 3014 tantum
636 2951 671 3014 in
692 2949 783 3031 urbe,
818 2972 932 3016 verum
962 2953 1059 3015 etiam
1081 2950 1115 3014 in
1134 2949 1232 3014 Jonia
1251 2955 1293 3030 (c.
1311 2941 1408 3026 wgo
1429 2951 1430 2960 ’

398 3047 503 3114 Ponto
537 3045 624 3142 (ib),
658 3051 850 3118 Antiochiae
882 3052 923 3138 (o.
958 3048 1011 3131 76)
1043 3053 1230 3138 pantomimi
1264 3050 1406 3136 placuere·

399 3149 492 3216 Multi
527 3153 587 3217 viri
618 3152 715 3236 docti,
748 3161 784 3219 ut
818 3153 914 3240 hujus
946 3155 1024 3219 artis
1054 3153 1211 3238 originem
1234 3162 1335 3240 atque
1355 3145 1431 3232 pro-l

400 3273 530 3336 gressus
564 3252 662 3320 litoris
695 3254 895 3338 mandarent,
931 3276 1055 3321 summo
1089 3277 1187 3342 opere
1219 3251 1406 3320 studuerunt:

401 3373 428 3416 c.
453 3347 507 3421 33.

487 3491 547 3556 His
571 3493 726 3578 expositis
749 3491 890 3558 breviter
911 3512 1121 3578 quaeramus,
1153 3501 1294 3557 num'ea
1318 3501 1430 3555 secuu-¹

382 3593 480 3688 dum
502 3614 609 3658 rerum
632 3594 797 3661 veritatem
825 3592 1008 3661 aLuoiano
1031 3593 1132 3659 relata
1153 3615 1225 3661 esse
1247 3593 1407 3660 videantur

472 3801 498 3865 1)
515 3797 588 3866 Lyra
604 3813 638 3850 cx
655 3799 706 3854 Or.
725 3799 830 3853 mmcd.
847 3800 906 3852 dm.
926 3799 976 3854 768
993 3798 1055 3852 addi
1071 3801 1167 3867 potest.

1430 3647 1432 3732 l

1430 3839 1432 3918 l

1430 4027 1432 4112 l

1430 4219 1432 4318 l
