2898 5000
864 368 906 454 le

458 570 556 638 Vides
588 591 750 658 perpauca
770 571 949 640 Lucienum
980 572 1135 661 praebere
1168 573 1208 638 de
1240 574 1317 661 ipso
1354 573 1414 639 illo

372 684 477 762 poeta,
505 695 600 760 quem
621 673 864 758 diligentissima
885 677 1061 741 imitatione
1084 675 1124 740 ab
1147 697 1185 740 eo
1207 697 1414 761 expressum

373 798 443 842 esse
476 778 541 840 iam
574 776 753 860 exposituri
786 799 904 845 sumus.
949 776 1023 857 Qua
1044 777 1175 863 quidem
1196 779 1231 841 in
1254 777 1412 864 disputa-

372 877 458 941 tione
492 875 759 962 proficiscendum
791 877 916 942 videtur
948 877 988 942 ab
1023 878 1206 944 imitationis
1237 879 1346 942 certis
1375 899 1412 942 ac

372 976 506 1041 firmiter
527 976 676 1042 stabilitis
699 976 867 1063 exemplis,
893 977 1010 1044 deinde
1022 977 1261 1066 procedendum
1282 977 1335 1044 ad
1361 1001 1409 1059 ea,

373 1099 466 1164 quae,
499 1079 558 1144 etsi
586 1079 691 1144 minus
714 1087 800 1144 certa
818 1079 976 1160 videntur,
1008 1083 1124 1162 tamen)
1156 1078 1213 1145 ubi
1236 1101 1312 1144 cum
1342 1080 1411 1144 illis

372 1179 590 1254 conferuntur,
613 1199 685 1243 cum
708 1201 833 1244 summa
854 1180 1088 1267 probabilitatis
1110 1180 1217 1267 specie
1241 1179 1306 1245 h'uc
1333 1203 1408 1266 per·

372 1280 483 1348 tinent.
537 1279 576 1344 In
608 1281 687 1366 ipsis
717 1289 824 1346 autem
853 1281 950 1348 rebus
973 1280 1195 1348 enumerandis
1218 1304 1237 1346 a
1259 1282 1408 1366 singulis

339 1425 342 1434 -
372 1380 615 1466 progrediemur
639 1381 682 1446 ad
706 1383 913 1466 cogitationes
934 1383 1184 1471 Aristophaneas
1207 1405 1227 1448 a
1248 1383 1406 1450 Luciano

372 1490 551 1568 usurpatas.
1029 1511 1030 1516 ¹

870 1674 900 1721 a·

455 1785 650 1871 Pseudolog.
669 1781 713 1852 32
744 1784 949 1851 Timarchum
984 1784 1145 1852 hominem
1176 1787 1403 1872 turpissimum

372 1887 456 1952 dixit
476 1889 604 1959 κίναδος
622 1887 674 1952 καὶ
688 1883 898 1973 urendique:
919 1886 1005 1972 quod
1018 1896 1179 1974 sumptum
1201 1896 1251 1952 est
1270 1909 1315 1952 ex
1331 1887 1404 1952 Ari-

372 1989 475 2074 stoph.
503 1989 564 2052 Av.
586 1983 660 2054 430.
680 1983 758 2052 431:
788 1987 995 2054 πυκνότατον
1017 1991 1154 2071 κίναδος,
1177 2041 1185 2059 .
1209 2041 1218 2058 .
1242 2041 1251 2060 .
1274 1989 1402 2055 παιπά-

371 2088 444 2174 λημ’
468 2084 559 2171 ὅλον,
582 2088 624 2158 ci.
646 2088 731 2154 Nub.
753 2084 826 2156 260.
848 2083 922 2156 448.

457 2189 637 2274 Lexiphan.
658 2185 701 2254 24
721 2189 883 2254 Lucienus
906 2190 1044 2253 amicum
1068 2190 1229 2275 quendam
1254 2189 1400 2254 affectati

373 2289 502 2356 dicendi
523 2292 652 2376 generis
680 2290 947 2355 studiosissimum
965 2290 1060 2376 jubet
1086 2291 1225 2378 abjicere
1245 2285 1283 2356 vt
1306 2298 1401 2378 βρεν-

372 2391 516 2458 θύεσθαι
529 2391 554 2477 ¹)
575 2393 627 2458 καὶ
643 2392 847 2476 λαρνγγιῒενν.
866 2392 965 2456 Recte
986 2391 1142 2457 Oobetus:
1166 2393 1254 2463 Orat.
1271 2392 1314 2457 de
1327 2399 1398 2457 Art.

372 2492 435 2558 Int.
455 2489 511 2559 42:
556 2499 624 2578 „pta
660 2501 691 2557 et
722 2493 791 2578 λαρ.
827 2515 869 2557 ex
901 2494 1008 2578 priseo
1038 2493 1216 2559 Atticorum
1247 2513 1399 2558 sermone

373 2595 519 2681 sumpsit,
543 2602 714 2679 utrumque
735 2602 783 2658 est
804 2593 891 2680 apud
911 2594 1190 2680 Aristophanem.“
1210 2593 1299 2660 Illud
1321 2595 1398 2680 legi-

372 2704 425 2759 tur
445 2693 572 2763 inNub.
584 2689 657 2762 362.
678 2694 754 2759 Pac.
766 2691 818 2766 26.
839 2689 1003 2781 Lyssssst,
1026 2695 1161 2761 alterum
1180 2699 1214 2761 in
1226 2697 1308 2783 Equ.
1321 2691 1396 2764 358.

457 2793 660 2882 Ἀεροβατέοο
693 2797 734 2861 de
766 2805 868 2861 semet
901 2797 1068 2882 praedicat
1089 2797 1238 2863 Socrates
1272 2799 1306 2862 in
1341 2800 1396 2866 Ar.

371 2896 457 2962 Nub.
481 2891 560 2974 225,
593 2921 676 2985 quae
702 2899 833 2985 quidem
859 2920 926 2964 vox
954 2899 995 2962 ab
1020 2889 1237 2986 Aristophane
1259 2901 1397 2965 conficta

373 3000 489 3064 iterum
522 2998 638 3084 legitur
673 3001 706 3066 in
737 2999 816 3070 Luc.
841 3001 899 3065 Bis
920 3020 986 3064 acc.
1008 2995 1061 3082 33,
1093 2998 1149 3064 ubi
1168 3001 1329 3086 Dialogus
1364 3021 1396 3064 se

374 3099 452 3164 dicit
466 3099 631 3187 hucusque
646 3101 743 3174 fuisse
764 3097 894 3188 ὑψηλὸν
917 3100 983 3168 ἅνω
1004 3123 1070 3167 πον
1091 3101 1155 3166 τῶν
1174 3105 1283 3186 νεφῶν
1305 3101 1396 3190 ἀερο-

372 3203 546 3286 βατοῦννα;
570 3224 666 3288 porro
688 3204 750 3268 huc
771 3202 976 3269 referendum
999 3224 1069 3268 esse
1089 3211 1224 3289 apparet
1237 3203 1347 3274 Prom.
1362 3198 1394 3267 6:

444 3409 468 3472 1)
486 3407 525 3457 De
542 3423 608 3459 voce
625 3401 807 3480 βρενθύεσθαι
825 3407 963 3459 verissime
985 3407 1088 3470 judicat
1106 3407 1252 3463 Hemsterh.
1279 3407 1313 3459 ad
1331 3411 1394 3460 Luc.

373 3490 557 3544 DiatMeretr.
571 3493 605 3543 X.
623 3495 653 3543 82
672 3508 778 3558 „eorum
796 3495 823 3544 in
842 3493 949 3556 classem
967 3494 1132 3545 referendum
1151 3498 1190 3544 est
1207 3493 1259 3544 hoo
1276 3494 1393 3556 verbum,

372 3591 439 3642 quae
456 3593 517 3628 raro
535 3578 568 3628 ab
589 3579 654 3644 ipsis
665 3578 801 3630 veteribus
813 3583 946 3646 usurpata,
964 3581 1061 3646 qnippe
1072 3583 1150 3630 notae
1160 3578 1288 3644 plebsjae‚
1305 3595 1393 3632 reeen-

372 3664 450 3714 tioris
469 3663 527 3714 aevi
545 3663 687 3727 scriptores
704 3663 866 3729 frequentius
885 3664 1069 3716 excoluerunt:
1091 3663 1120 3714 id
1140 3661 1210 3713 enim
1228 3664 1335 3732 elegans
1352 3666 1394 3717 illi

372 3752 450 3813 atque
467 3746 597 3799 eruditum
616 3748 819 3811 arbitrabantur,
843 3749 867 3799 si
884 3749 1013 3801 vocabula
1034 3751 1062 3799 in
1080 3749 1178 3814 angulo
1196 3749 1310 3814 quodam
1327 3751 1393 3801 anti·

373 3833 483 3898 quitatis
501 3837 600 3882 remoto
619 3832 799 3886 delitescentia
821 3837 848 3884 et
871 3849 963 3886 scenae
986 3833 1105 3886 libertati
1122 3833 1274 3887 condensos
1291 3835 1391 3888 studio-

372 3918 426 3969 sius
445 3917 594 3969 eruerunt‘¹
