2898 5000
553 366 575 437 9

138 559 206 624 Nec
226 581 291 623 non
314 559 356 626 de
370 559 555 625 Hesiodo
580 557 758 645 compluria
773 557 896 644 judicia
909 557 1073 624 Lucianus

48 663 182 749 scriptis
194 660 341 725 intexuit
364 661 424 726 Est
438 660 493 726 ille
508 669 602 748 poeta
611 661 758 746 egregius
770 653 914 746 (ποιητὴς
928 657 1073 745 decoros:

46 764 141 832 Diss.
164 784 192 827 c.
215 761 292 845 Hes.
314 761 353 845 1),
386 772 523 849 suntque
555 764 623 849 ejus
654 762 794 826 carmina
821 760 929 826 divino
962 763 1074 848 spiritu

50 864 166 945 inflata
189 861 300 943 (ἔνθεα
321 864 373 929 καὶ
395 861 497 946 σεμνὰ
519 864 627 928 πάντα
649 863 671 926 l.
687 865 727 946 c.)
771 861 809 926 In
832 863 991 928 narrando
1010 883 1074 926 cer-

47 965 174 1031 tamine
208 965 334 1048 poetico
367 962 456 1045 (Ver.
477 965 559 1031 Hist.
582 958 708 1044 11.22),
745 987 786 1028 ex
818 986 880 1051 quo
904 963 1075 1048 Hesiodus,

47 1089 125 1137 cum
161 1065 306 1130 Homero
335 1064 550 1148 conflictatus,
583 1066 686 1130 victor
719 1065 861 1148 excedit,
894 1065 1075 1131 Lucienum

48 1176 197 1233 veterem
220 1166 384 1252 quandam
405 1165 547 1230 fabulam
561 1168 661 1253 sequi,
680 1168 742 1230 iam
764 1169 852 1252 prius
875 1166 916 1232 ab
935 1169 1075 1254 interpp.

49 1271 71 1338 l.
89 1291 117 1332 c.
134 1276 183 1332 est
197 1266 417 1350 observatum3
439 1266 513 1332 add.
535 1267 677 1332 Curtius:
700 1266 754 1331 Gr.
771 1266 885 1335 Gesch.
905 1269 935 1332 ΙΒ
956 1291 987 1354 p.
1002 1264 1076 1335 508.

50 1408 94 1420 -
117 1367 227 1450 Quid?
260 1369 346 1455 quod
375 1369 443 1456 ejus
473 1368 661 1452 Theogonis
684 1368 784 1453 digna
805 1368 948 1452 hahetur,
979 1392 1076 1456 quam

48 1475 83 1536 in
107 1472 242 1536 deorum
265 1471 411 1536 convivio
432 1470 546 1534 Musae
573 1479 705 1534 canant:
736 1469 771 1533 cf
809 1471 943 1535 lcarom.
973 1492 1001 1536 c.
1022 1467 1075 1540 27.

137 1572 183 1637 At
205 1573 259 1657 qui
279 1571 324 1654 fit,
345 1579 380 1634 ut
400 1570 572 1650 Lucienus,
596 1592 669 1634 oum
689 1579 736 1636 tot
750 1572 911 1658 tantisque
926 1571 1075 1638 laudibus

49 1677 149 1740 hosce
173 1681 284 1758 poetas
313 1671 444 1753 afficiat,
483 1671 570 1736 haud
596 1673 708 1756 paucis
738 1672 818 1738 locis
840 1673 892 1738 vel
914 1673 1076 1740 acerbissi-

50 1797 136 1841 mam
173 1795 282 1838 eorum
317 1773 595 1860 reprehensionem
629 1773 803 1859 suscipiat?
847 1773 948 1860 Cujus
977 1776 1023 1838 rei
1050 1777 1076 1840 si

49 1877 124 1964 quis
143 1897 255 1940 veram
277 1895 422 1940 caussam
444 1875 628 1961 perspicere
652 1875 751 1960 cupit,
781 1874 866 1940 duae
888 1897 940 1940 res
959 1877 992 1939 in
1013 1898 1076 1941 me

47 1979 185 2042 moriam
213 1975 417 2041 revocandae
444 1983 532 2041 sunt:
566 1976 752 2061 scriptorem
781 1998 876 2062 quem
905 1984 1076 2042 tractemus

48 2079 305 2144 inimicissimum
342 2076 441 2142 fuisse
475 2075 657 2161 vulgarium
699 2075 740 2141 de
779 2077 846 2141 dcis
881 2078 1077 2163 opinionum,

48 2179 167 2246 deinde
201 2180 248 2244 eis
281 2179 358 2265 ipsis
382 2179 589 2265 temporibus,
626 2177 742 2264 quibus
763 2179 881 2242 vixerit
902 2178 1076 2261 Lucienus,

49 2284 128 2346 istas
163 2281 403 2366 superstitiones
436 2302 520 2345 nova
550 2281 674 2365 cepisse
704 2281 901 2345 incrementa
914 2284 946 2362 ¹).
990 2279 1078 2359 Quid

50 2385 152 2469 igitur
175 2383 301 2464 mirum,
323 2382 407 2468 quod
431 2381 597 2446 Lucienus
619 2380 812 2468 aliquotiens
835 2383 869 2444 in
892 2403 946 2446 eos
966 2389 1078 2467 poetas

50 2484 240 2560 invehatur,
276 2505 355 2570 quos
373 2485 448 2570 jure
470 2483 599 2548 illarum
620 2505 728 2548 rerum
747 2492 896 2548 auctores
915 2481 1078 2547 habebat?

48 2586 232 2672 Praecipue
253 2585 483 2650 attendendum
507 2593 555 2649 cst
578 2585 620 2649 ad
643 2583 744 2649 verba
766 2606 850 2671 quse
872 2584 1024 2669 leguntur
1045 2585 1078 2649 in

50 2686 195 2773 Philops.
231 2681 270 2768 2,
308 2686 365 2751 ubi
397 2686 535 2773 scriptor
569 2707 604 2750 se
636 2686 731 2768 dicit,
769 2688 914 2772 quamvis
948 2688 1079 2750 miretur

51 2791 188 2855 eximios
207 2788 280 2854 illos
302 2797 413 2873 poetas
436 2781 652 2872 (θαυμαστούς
671 2784 843 2874 τὴνφύσιν
866 2795 897 2851 et
915 2781 1080 2869 ἀοιδίμους

51 2889 172 2976 ἄνδρας
194 2912 248 2954 eos
271 2888 464 2976 praedicat),
497 2897 604 2954 tamen
625 2910 692 2954 non
715 2909 819 2975 posse,
855 2889 934 2975 quin
957 2889 1079 2974 pudore

50 2999 290 3058 commoveatur
319 2991 480 3075 legentem
509 2989 672 3055 fabulosas
692 2992 768 3055 istas
796 2989 837 3054 de
859 2989 929 3054 deis
952 2990 1080 3074 excogi-

51 3104 136 3159 tatas
168 3091 434 3174 narratiunculas,
466 3113 546 3177 quas
574 3113 675 3178 usque
705 3092 748 3156 ad
776 3113 929 3177 praesens
953 3100 1079 3177 tempus

52 3195 207 3283 permulti
225 3217 319 3260 veras
343 3194 469 3272 ducant,
491 3192 602 3257 inculti
625 3195 764 3258 maxime
778 3193 932 3274 homines,
955 3192 1080 3258 idicirco

52 3297 119 3377 (De
135 3296 212 3366 luet.
228 3289 275 3388 2),
300 3296 356 3360 sed
372 3293 532 3361 interdum
554 3293 607 3359 vel
630 3295 669 3376 ei,
692 3295 747 3382 qui
762 3294 946 3380 philosophi
960 3315 1080 3360 nomen

52 3420 131 3485 prae
164 3419 199 3462 se
222 3398 343 3464 ferant:
379 3397 421 3468 cf.
449 3396 520 3482 Iup.
544 3396 642 3481 Trag.
664 3391 717 3477 39,
751 3418 815 3482 quo
847 3395 977 3482 quidem
1009 3394 1079 3460 loco
1172 3483 1174 3489 Ι

52 3507 227 3586 postquam
242 3499 405 3566 Timocles
418 3498 545 3564 Stoicus
557 3498 736 3564 Homerum
752 3496 857 3564 attulit
870 3506 985 3564 testem
1000 3498 1081 3564 veri-

126 3756 150 3819 1)
170 3753 209 3806 cf.
228 3755 394 3820 Bernhardy:
425 3753 539 3806 Grundr.
566 3755 612 3805 der
637 3755 682 3806 Gr.
706 3753 757 3804 Lit.
781 3755 802 3804 I.
821 3755 879 3805 579.
916 3754 1015 3805 Preller
1039 3769 1080 3819 ap.

55 3839 133 3893 Pauli
145 3840 268 3891 Rectene.
287 3841 332 3892 IV.
356 3859 380 3908 p.
401 3842 466 3892 1172
485 3855 525 3904 sq.
560 3839 720 3906 Hertsbergr
747 3839 840 3892 (leuch.
860 3839 967 3892 (triech.
985 3845 1039 3890 unt.
1056 3837 1081 3888 d.

54 3926 131 3978 nom.
167 3924 202 3976 11.
222 3927 281 3978 486.
