<?xml version="1.0" encoding="UTF-8"?>
<!DOCTYPE html PUBLIC "-//W3C//DTD XHTML 1.0 Transitional//EN"
    "http://www.w3.org/TR/xhtml1/DTD/xhtml1-transitional.dtd">
<html xmlns="http://www.w3.org/1999/xhtml" xml:lang="en" lang="en">
 <head>
  <title>
</title>
<meta http-equiv="Content-Type" content="text/html;charset=utf-8" />
  <meta name='ocr-system' content='tesseract 3.04.00' />
  <meta name='ocr-capabilities' content='ocr_page ocr_carea ocr_par ocr_line ocrx_word'/>
</head>
<body>
  <div class='ocr_page' id='page_1' title='image "./delucianopoetar00zieggoog_0008.png"; bbox 0 0 2898 5000; ppageno 0'>
   <div class='ocr_carea' id='block_1_1' title="bbox 365 1220 697 1307">
    <p class='ocr_par' dir='ltr' id='par_1_1' title="bbox 365 1220 697 1307">
     <span class='ocr_line' id='line_1_1' title="bbox 365 1220 697 1307; baseline 0 -3"><span class='ocrx_word' id='word_1_1' title='bbox 365 1220 697 1307; x_wconf 81' lang='lat' dir='ltr'><strong>PRAEFATIO.</strong></span> 
     </span>
    </p>
   </div>
   <div class='ocr_carea' id='block_1_2' title="bbox 17 1501 1044 2499">
    <p class='ocr_par' dir='ltr' id='par_1_2' title="bbox 17 1501 1044 2499">
     <span class='ocr_line' id='line_1_2' title="bbox 102 1501 1041 1592; baseline 0.004 -26"><span class='ocrx_word' id='word_1_2' title='bbox 102 1501 234 1567; x_wconf 81' lang='lat' dir='ltr'><strong>Omissa</strong></span> <span class='ocrx_word' id='word_1_3' title='bbox 261 1506 367 1588; x_wconf 86' lang='lat' dir='ltr'><strong>priore</strong></span> <span class='ocrx_word' id='word_1_4' title='bbox 396 1503 625 1570; x_wconf 80' lang='lat' dir='ltr'><strong>dissertationis</strong></span> <span class='ocrx_word' id='word_1_5' title='bbox 654 1513 758 1590; x_wconf 86' lang='lat' dir='ltr'><strong>parte,</strong></span> <span class='ocrx_word' id='word_1_6' title='bbox 793 1506 826 1568; x_wconf 91' lang='lat' dir='ltr'><strong>in</strong></span> <span class='ocrx_word' id='word_1_7' title='bbox 857 1527 928 1592; x_wconf 86' lang='lat' dir='ltr'><strong>qua,</strong></span> <span class='ocrx_word' id='word_1_8' title='bbox 963 1507 1041 1592; x_wconf 87' lang='lat' dir='ltr'><strong>quid</strong></span> 
     </span>
     <span class='ocr_line' id='line_1_3' title="bbox 17 1604 1042 1692; baseline 0.006 -26"><span class='ocrx_word' id='word_1_9' title='bbox 17 1604 179 1667; x_wconf 79' lang='lat' dir='ltr'><strong>Luciacus</strong></span> <span class='ocrx_word' id='word_1_10' title='bbox 202 1604 241 1668; x_wconf 91' lang='lat' dir='ltr'><strong>de</strong></span> <span class='ocrx_word' id='word_1_11' title='bbox 263 1605 354 1689; x_wconf 88' lang='lat' dir='ltr'><strong>poesi</strong></span> <span class='ocrx_word' id='word_1_12' title='bbox 374 1607 525 1670; x_wconf 88' lang='lat' dir='ltr'><strong>universa</strong></span> <span class='ocrx_word' id='word_1_13' title='bbox 547 1605 756 1688; x_wconf 89' lang='lat' dir='ltr'><strong>judicaverit,</strong></span> <span class='ocrx_word' id='word_1_14' title='bbox 786 1605 921 1672; x_wconf 87' lang='lat' dir='ltr'><strong>anobis</strong></span> <span class='ocrx_word' id='word_1_15' title='bbox 946 1629 1042 1692; x_wconf 88' lang='lat' dir='ltr'><strong>expo·</strong></span> 
     </span>
     <span class='ocr_line' id='line_1_4' title="bbox 20 1705 1042 1792; baseline 0.003 -24"><span class='ocrx_word' id='word_1_16' title='bbox 20 1708 113 1768; x_wconf 90' lang='lat' dir='ltr'><strong>situm</strong></span> <span class='ocrx_word' id='word_1_17' title='bbox 148 1714 205 1784; x_wconf 87' lang='lat' dir='ltr'><strong>est,</strong></span> <span class='ocrx_word' id='word_1_18' title='bbox 240 1705 301 1770; x_wconf 91' lang='lat' dir='ltr'><strong>hoc</strong></span> <span class='ocrx_word' id='word_1_19' title='bbox 333 1705 404 1770; x_wconf 88' lang='lat' dir='ltr'><strong>loco</strong></span> <span class='ocrx_word' id='word_1_20' title='bbox 435 1705 565 1771; x_wconf 87' lang='lat' dir='ltr'><strong>alteram</strong></span> <span class='ocrx_word' id='word_1_21' title='bbox 591 1707 779 1790; x_wconf 88' lang='lat' dir='ltr'><strong>emittemus,</strong></span> <span class='ocrx_word' id='word_1_22' title='bbox 812 1729 850 1772; x_wconf 88' lang='lat' dir='ltr'><strong>ea</strong></span> <span class='ocrx_word' id='word_1_23' title='bbox 872 1707 1042 1792; x_wconf 79' lang='lat' dir='ltr'><strong>diligenter</strong></span> 
     </span>
     <span class='ocr_line' id='line_1_5' title="bbox 19 1806 1042 1894; baseline 0.002 -24"><span class='ocrx_word' id='word_1_24' title='bbox 19 1807 205 1888; x_wconf 80' lang='lat' dir='ltr'><strong>enarraturi,</strong></span> <span class='ocrx_word' id='word_1_25' title='bbox 230 1827 312 1892; x_wconf 89' lang='lat' dir='ltr'><strong>quae</strong></span> <span class='ocrx_word' id='word_1_26' title='bbox 335 1806 375 1871; x_wconf 89' lang='lat' dir='ltr'><strong>de</strong></span> <span class='ocrx_word' id='word_1_27' title='bbox 390 1806 523 1892; x_wconf 81' lang='lat' dir='ltr'><strong>singulis</strong></span> <span class='ocrx_word' id='word_1_28' title='bbox 542 1808 644 1892; x_wconf 89' lang='lat' dir='ltr'><strong>poetis</strong></span> <span class='ocrx_word' id='word_1_29' title='bbox 662 1807 826 1872; x_wconf 81' lang='lat' dir='ltr'><strong>Lucienus</strong></span> <span class='ocrx_word' id='word_1_30' title='bbox 837 1807 1042 1894; x_wconf 83' lang='lat' dir='ltr'><strong>judicaverit,</strong></span> 
     </span>
     <span class='ocr_line' id='line_1_6' title="bbox 18 1907 1042 1994; baseline 0.003 -24"><span class='ocrx_word' id='word_1_31' title='bbox 18 1907 151 1994; x_wconf 87' lang='lat' dir='ltr'><strong>adjectis</strong></span> <span class='ocrx_word' id='word_1_32' title='bbox 174 1916 339 1993; x_wconf 87' lang='lat' dir='ltr'><strong>poetarum</strong></span> <span class='ocrx_word' id='word_1_33' title='bbox 360 1907 449 1990; x_wconf 89' lang='lat' dir='ltr'><strong>locis,</strong></span> <span class='ocrx_word' id='word_1_34' title='bbox 486 1907 600 1994; x_wconf 92' lang='lat' dir='ltr'><strong>quibus</strong></span> <span class='ocrx_word' id='word_1_35' title='bbox 629 1907 671 1972; x_wconf 92' lang='lat' dir='ltr'><strong>ad</strong></span> <span class='ocrx_word' id='word_1_36' title='bbox 701 1909 820 1994; x_wconf 88' lang='lat' dir='ltr'><strong>scripta</strong></span> <span class='ocrx_word' id='word_1_37' title='bbox 846 1931 905 1973; x_wconf 88' lang='lat' dir='ltr'><strong>sua</strong></span> <span class='ocrx_word' id='word_1_38' title='bbox 926 1909 1042 1974; x_wconf 90' lang='lat' dir='ltr'><strong>conde·</strong></span> 
     </span>
     <span class='ocr_line' id='line_1_7' title="bbox 18 2007 1042 2095; baseline 0.002 -23"><span class='ocrx_word' id='word_1_39' title='bbox 18 2007 160 2073; x_wconf 80' lang='lat' dir='ltr'><strong>curanda</strong></span> <span class='ocrx_word' id='word_1_40' title='bbox 180 2031 258 2074; x_wconf 91' lang='lat' dir='ltr'><strong>usus</strong></span> <span class='ocrx_word' id='word_1_41' title='bbox 287 2017 343 2076; x_wconf 89' lang='lat' dir='ltr'><strong>est.</strong></span> <span class='ocrx_word' id='word_1_42' title='bbox 388 2008 534 2095; x_wconf 81' lang='lat' dir='ltr'><strong>Cumque</strong></span> <span class='ocrx_word' id='word_1_43' title='bbox 557 2018 628 2073; x_wconf 87' lang='lat' dir='ltr'><strong>acta</strong></span> <span class='ocrx_word' id='word_1_44' title='bbox 650 2031 746 2094; x_wconf 83' lang='lat' dir='ltr'><strong>agere</strong></span> <span class='ocrx_word' id='word_1_45' title='bbox 771 2008 942 2091; x_wconf 88' lang='lat' dir='ltr'><strong>nollemus,</strong></span> <span class='ocrx_word' id='word_1_46' title='bbox 975 2031 1042 2074; x_wconf 92' lang='lat' dir='ltr'><strong>non</strong></span> 
     </span>
     <span class='ocr_line' id='line_1_8' title="bbox 19 2109 1042 2196; baseline 0.003 -23"><span class='ocrx_word' id='word_1_47' title='bbox 19 2109 253 2174; x_wconf 88' lang='lat' dir='ltr'><strong>enumerandos</strong></span> <span class='ocrx_word' id='word_1_48' title='bbox 282 2111 461 2174; x_wconf 89' lang='lat' dir='ltr'><strong>censuimus</strong></span> <span class='ocrx_word' id='word_1_49' title='bbox 490 2133 544 2175; x_wconf 91' lang='lat' dir='ltr'><strong>eos</strong></span> <span class='ocrx_word' id='word_1_50' title='bbox 575 2131 696 2192; x_wconf 89' lang='lat' dir='ltr'><strong>versus,</strong></span> <span class='ocrx_word' id='word_1_51' title='bbox 732 2110 786 2196; x_wconf 90' lang='lat' dir='ltr'><strong>qui</strong></span> <span class='ocrx_word' id='word_1_52' title='bbox 808 2119 955 2176; x_wconf 88' lang='lat' dir='ltr'><strong>accurate</strong></span> <span class='ocrx_word' id='word_1_53' title='bbox 979 2111 1042 2176; x_wconf 91' lang='lat' dir='ltr'><strong>col·</strong></span> 
     </span>
     <span class='ocr_line' id='line_1_9' title="bbox 18 2209 1040 2296; baseline 0.008 -22"><span class='ocrx_word' id='word_1_54' title='bbox 18 2211 93 2275; x_wconf 84' lang='lat' dir='ltr'><strong>lecti</strong></span> <span class='ocrx_word' id='word_1_55' title='bbox 114 2211 265 2295; x_wconf 87' lang='lat' dir='ltr'><strong>leguntur</strong></span> <span class='ocrx_word' id='word_1_56' title='bbox 287 2213 320 2274; x_wconf 93' lang='lat' dir='ltr'><strong>in</strong></span> <span class='ocrx_word' id='word_1_57' title='bbox 338 2211 449 2276; x_wconf 86' lang='lat' dir='ltr'><strong>Indice</strong></span> <span class='ocrx_word' id='word_1_58' title='bbox 470 2211 618 2276; x_wconf 86' lang='lat' dir='ltr'><strong>editionis</strong></span> <span class='ocrx_word' id='word_1_59' title='bbox 640 2209 878 2276; x_wconf 86' lang='lat' dir='ltr'><strong>Jacobitzianae</strong></span> <span class='ocrx_word' id='word_1_60' title='bbox 894 2211 971 2296; x_wconf 90' lang='lat' dir='ltr'><strong>(vol.</strong></span> <span class='ocrx_word' id='word_1_61' title='bbox 983 2213 1040 2282; x_wconf 86' lang='lat' dir='ltr'><strong>IV.</strong></span> 
     </span>
     <span class='ocr_line' id='line_1_10' title="bbox 19 2307 1042 2398; baseline 0 -21"><span class='ocrx_word' id='word_1_62' title='bbox 19 2335 51 2397; x_wconf 89' lang='lat' dir='ltr'><strong>p.</strong></span> <span class='ocrx_word' id='word_1_63' title='bbox 67 2307 130 2378; x_wconf 73' lang='lat'><strong>2‘11</strong></span> <span class='ocrx_word' id='word_1_64' title='bbox 147 2326 207 2398; x_wconf 74' lang='lat' dir='ltr'><strong>sq.)</strong></span> <span class='ocrx_word' id='word_1_65' title='bbox 233 2312 275 2376; x_wconf 87' lang='lat' dir='ltr'><strong>ad</strong></span> <span class='ocrx_word' id='word_1_66' title='bbox 296 2334 393 2398; x_wconf 87' lang='lat' dir='ltr'><strong>quem</strong></span> <span class='ocrx_word' id='word_1_67' title='bbox 414 2312 476 2376; x_wconf 87' lang='lat' dir='ltr'><strong>hac</strong></span> <span class='ocrx_word' id='word_1_68' title='bbox 497 2311 571 2378; x_wconf 85' lang='lat' dir='ltr'><strong>data</strong></span> <span class='ocrx_word' id='word_1_69' title='bbox 592 2312 760 2377; x_wconf 81' lang='lat' dir='ltr'><strong>occasione</strong></span> <span class='ocrx_word' id='word_1_70' title='bbox 776 2334 830 2376; x_wconf 90' lang='lat' dir='ltr'><strong>eos</strong></span> <span class='ocrx_word' id='word_1_71' title='bbox 847 2311 1042 2397; x_wconf 85' lang='lat' dir='ltr'><strong>delegamus,</strong></span> 
     </span>
     <span class='ocr_line' id='line_1_11' title="bbox 19 2413 1044 2499; baseline 0.002 -23"><span class='ocrx_word' id='word_1_72' title='bbox 19 2416 75 2499; x_wconf 92' lang='lat' dir='ltr'><strong>qui</strong></span> <span class='ocrx_word' id='word_1_73' title='bbox 100 2436 209 2478; x_wconf 90' lang='lat' dir='ltr'><strong>omnes</strong></span> <span class='ocrx_word' id='word_1_74' title='bbox 231 2413 319 2478; x_wconf 92' lang='lat' dir='ltr'><strong>locos</strong></span> <span class='ocrx_word' id='word_1_75' title='bbox 342 2435 361 2477; x_wconf 88' lang='lat' dir='ltr'><strong>a</strong></span> <span class='ocrx_word' id='word_1_76' title='bbox 383 2413 664 2479; x_wconf 82' lang='lat' dir='ltr'><strong>Lucianooitatos</strong></span> <span class='ocrx_word' id='word_1_77' title='bbox 687 2433 882 2496; x_wconf 80' lang='lat' dir='ltr'><strong>cognoscere</strong></span> <span class='ocrx_word' id='word_1_78' title='bbox 903 2414 1044 2498; x_wconf 86' lang='lat' dir='ltr'><strong>cupiant.</strong></span> 
     </span>
    </p>
   </div>
   <div class='ocr_carea' id='block_1_3' title="bbox 18 2513 1043 3106">
    <p class='ocr_par' dir='ltr' id='par_1_3' title="bbox 18 2513 1043 3106">
     <span class='ocr_line' id='line_1_12' title="bbox 19 2513 1043 2600; baseline -0.001 -20"><span class='ocrx_word' id='word_1_79' title='bbox 19 2515 180 2580; x_wconf 81' lang='lat' dir='ltr'><strong>Contraa</strong></span> <span class='ocrx_word' id='word_1_80' title='bbox 209 2515 301 2579; x_wconf 89' lang='lat' dir='ltr'><strong>nobis</strong></span> <span class='ocrx_word' id='word_1_81' title='bbox 338 2523 457 2600; x_wconf 81' lang='lat' dir='ltr'><strong>quanta</strong></span> <span class='ocrx_word' id='word_1_82' title='bbox 488 2515 558 2578; x_wconf 89' lang='lat' dir='ltr'><strong>fieri</strong></span> <span class='ocrx_word' id='word_1_83' title='bbox 590 2517 694 2600; x_wconf 87' lang='lat' dir='ltr'><strong>potuit</strong></span> <span class='ocrx_word' id='word_1_84' title='bbox 714 2513 899 2580; x_wconf 84' lang='lat' dir='ltr'><strong>assiduitate</strong></span> <span class='ocrx_word' id='word_1_85' title='bbox 920 2513 1043 2579; x_wconf 84' lang='lat' dir='ltr'><strong>collecti</strong></span> 
     </span>
     <span class='ocr_line' id='line_1_13' title="bbox 18 2611 1042 2681; baseline 0.002 -3"><span class='ocrx_word' id='word_1_86' title='bbox 18 2621 144 2679; x_wconf 83' lang='lat' dir='ltr'><strong>suntet</strong></span> <span class='ocrx_word' id='word_1_87' title='bbox 166 2637 275 2679; x_wconf 90' lang='lat' dir='ltr'><strong>omnes</strong></span> <span class='ocrx_word' id='word_1_88' title='bbox 298 2616 430 2679; x_wconf 86' lang='lat' dir='ltr'><strong>Homeri</strong></span> <span class='ocrx_word' id='word_1_89' title='bbox 452 2637 563 2681; x_wconf 89' lang='lat' dir='ltr'><strong>versus</strong></span> <span class='ocrx_word' id='word_1_90' title='bbox 593 2619 627 2679; x_wconf 92' lang='lat' dir='ltr'><strong>in</strong></span> <span class='ocrx_word' id='word_1_91' title='bbox 649 2614 767 2680; x_wconf 90' lang='lat' dir='ltr'><strong>libellis</strong></span> <span class='ocrx_word' id='word_1_92' title='bbox 790 2611 958 2680; x_wconf 87' lang='lat' dir='ltr'><strong>Lucianeis</strong></span> <span class='ocrx_word' id='word_1_93' title='bbox 981 2638 1042 2680; x_wconf 83' lang='lat' dir='ltr'><strong>me</strong></span> 
     </span>
     <span class='ocr_line' id='line_1_14' title="bbox 18 2717 1043 2804; baseline 0.003 -25"><span class='ocrx_word' id='word_1_94' title='bbox 18 2718 132 2780; x_wconf 89' lang='lat' dir='ltr'><strong>morati</strong></span> <span class='ocrx_word' id='word_1_95' title='bbox 159 2726 191 2781; x_wconf 89' lang='lat' dir='ltr'><strong>et</strong></span> <span class='ocrx_word' id='word_1_96' title='bbox 216 2739 267 2781; x_wconf 89' lang='lat' dir='ltr'><strong>res</strong></span> <span class='ocrx_word' id='word_1_97' title='bbox 294 2717 505 2782; x_wconf 87' lang='lat' dir='ltr'><strong>eoomoediis</strong></span> <span class='ocrx_word' id='word_1_98' title='bbox 529 2717 732 2801; x_wconf 84' lang='lat' dir='ltr'><strong>desumptae,</strong></span> <span class='ocrx_word' id='word_1_99' title='bbox 763 2739 827 2802; x_wconf 88' lang='lat' dir='ltr'><strong>qua</strong></span> <span class='ocrx_word' id='word_1_100' title='bbox 851 2726 988 2804; x_wconf 88' lang='lat' dir='ltr'><strong>utraque</strong></span> <span class='ocrx_word' id='word_1_101' title='bbox 1009 2718 1043 2782; x_wconf 91' lang='lat' dir='ltr'><strong>in</strong></span> 
     </span>
     <span class='ocr_line' id='line_1_15' title="bbox 18 2816 1041 2904; baseline 0.004 -23"><span class='ocrx_word' id='word_1_102' title='bbox 18 2840 53 2881; x_wconf 88' lang='lat' dir='ltr'><strong>rc</strong></span> <span class='ocrx_word' id='word_1_103' title='bbox 68 2816 191 2882; x_wconf 89' lang='lat' dir='ltr'><strong>Indices</strong></span> <span class='ocrx_word' id='word_1_104' title='bbox 205 2817 371 2900; x_wconf 88' lang='lat' dir='ltr'><strong>Lucianei,</strong></span> <span class='ocrx_word' id='word_1_105' title='bbox 395 2817 504 2904; x_wconf 88' lang='lat' dir='ltr'><strong>quales</strong></span> <span class='ocrx_word' id='word_1_106' title='bbox 519 2840 604 2882; x_wconf 89' lang='lat' dir='ltr'><strong>nunc</strong></span> <span class='ocrx_word' id='word_1_107' title='bbox 619 2827 702 2900; x_wconf 86' lang='lat' dir='ltr'><strong>sunt,</strong></span> <span class='ocrx_word' id='word_1_108' title='bbox 724 2818 854 2883; x_wconf 90' lang='lat' dir='ltr'><strong>minime</strong></span> <span class='ocrx_word' id='word_1_109' title='bbox 873 2817 1041 2885; x_wconf 87' lang='lat' dir='ltr'><strong>sufficiunt.</strong></span> 
     </span>
     <span class='ocr_line' id='line_1_16' title="bbox 18 2919 1043 3005; baseline 0.001 -22"><span class='ocrx_word' id='word_1_110' title='bbox 18 2919 140 2984; x_wconf 87' lang='lat' dir='ltr'><strong>Versus</strong></span> <span class='ocrx_word' id='word_1_111' title='bbox 154 2919 344 2984; x_wconf 87' lang='lat' dir='ltr'><strong>Homericos</strong></span> <span class='ocrx_word' id='word_1_112' title='bbox 363 2941 428 2984; x_wconf 90' lang='lat' dir='ltr'><strong>non</strong></span> <span class='ocrx_word' id='word_1_113' title='bbox 451 2921 484 2983; x_wconf 91' lang='lat' dir='ltr'><strong>in</strong></span> <span class='ocrx_word' id='word_1_114' title='bbox 505 2920 646 2984; x_wconf 88' lang='lat' dir='ltr'><strong>medium</strong></span> <span class='ocrx_word' id='word_1_115' title='bbox 668 2929 791 2984; x_wconf 87' lang='lat' dir='ltr'><strong>textum</strong></span> <span class='ocrx_word' id='word_1_116' title='bbox 813 2940 907 3005; x_wconf 90' lang='lat' dir='ltr'><strong>quem</strong></span> <span class='ocrx_word' id='word_1_117' title='bbox 925 2927 1043 2986; x_wconf 83' lang='lat' dir='ltr'><strong>vocant</strong></span> 
     </span>
     <span class='ocr_line' id='line_1_17' title="bbox 19 3018 838 3106; baseline 0.006 -23"><span class='ocrx_word' id='word_1_118' title='bbox 19 3021 219 3103; x_wconf 85' lang='lat' dir='ltr'><strong>inseruimus,</strong></span> <span class='ocrx_word' id='word_1_119' title='bbox 241 3019 297 3084; x_wconf 92' lang='lat' dir='ltr'><strong>sed</strong></span> <span class='ocrx_word' id='word_1_120' title='bbox 323 3018 365 3085; x_wconf 91' lang='lat' dir='ltr'><strong>ad</strong></span> <span class='ocrx_word' id='word_1_121' title='bbox 387 3022 490 3105; x_wconf 88' lang='lat' dir='ltr'><strong>operis</strong></span> <span class='ocrx_word' id='word_1_122' title='bbox 515 3021 638 3086; x_wconf 87' lang='lat' dir='ltr'><strong>calcem</strong></span> <span class='ocrx_word' id='word_1_123' title='bbox 660 3021 838 3106; x_wconf 85' lang='lat' dir='ltr'><strong>rejecimus.</strong></span> 
     </span>
    </p>
   </div>
   <div class='ocr_carea' id='block_1_4' title="bbox 427 3275 628 3285">
    <p class='ocr_par' dir='ltr' id='par_1_4' title="bbox 427 3275 628 3285">
     <span class='ocr_line' id='line_1_18' title="bbox 427 3275 628 3285; baseline 0 -1"><span class='ocrx_word' id='word_1_124' title='bbox 427 3275 628 3285; x_wconf 51' lang='grc' dir='ltr'><strong>ψ</strong></span> 
     </span>
    </p>
   </div>
   <div class='ocr_carea' id='block_1_5' title="bbox 0 0 1456 5000">
    <p class='ocr_par' dir='ltr' id='par_1_5' title="bbox 0 0 1456 5000">
     <span class='ocr_line' id='line_1_19' title="bbox 0 0 1456 5000; baseline 0 0"><span class='ocrx_word' id='word_1_125' title='bbox 0 0 1456 5000; x_wconf 95' lang='lat' dir='ltr'><strong> </strong></span> 
     </span>
    </p>
   </div>
  </div>
 </body>
</html>
