2972 4978
598 315 732 384 41·

103 501 216 568 schius
249 504 455 588 sagacissime
489 506 675 572 observavit
704 501 853 593 idemque
876 505 933 571 illa
956 508 1073 574 verbea
1094 501 1134 574 de

102 603 239 669 Baccho
261 603 311 669 bis
331 612 407 671 nato
429 606 515 672 dicta
536 629 607 673 esse
629 608 718 674 vidit.

195 704 344 774 Calumn.
366 699 410 772 20
432 705 536 781 οὐδεὶς
555 703 637 774 οὕτω
660 707 808 792 γεννάδας
835 707 977 775 ἐστικαὶ
998 704 1136 792 ἀδαμάν-

103 829 197 872 τινον
226 815 328 888 τεῖχος
357 810 415 896 τῇς
441 813 546 896 ψυχῆς
575 813 841 898 προβεβλημένος.
894 809 946 875 De
969 807 1136 892 voce'yer-

104 905 208 983 νάδας
228 909 268 979 cf.
287 931 319 994 p.
339 904 391 976 27.
439 919 550 992 Τεῖχος
572 905 668 995 daos.
689 918 786 998 προβ.
810 914 855 977 ita
877 921 1077 998 usurpatum,
1101 919 1136 976 ut

105 1006 229 1077 indicet
251 1011 416 1078 hominem
435 1011 552 1079 durum
574 1035 613 1079 ac
635 1013 784 1096 ferreum,
815 1013 955 1079 colorem
975 1013 1135 1100 poeticum

106 1109 208 1176 refert
219 1114 254 1196 ¹).

198 1213 289 1284 Asin.
303 1208 363 1282 33:
387 1208 502 1300 ἐπειδὴ
518 1210 576 1301 γὰρ
596 1214 641 1289 εἷς
656 1210 851 1301 ἀνθρώπους
870 1213 933 1302 ἔρῳ
949 1215 1002 1280 καὶ
1017 1213 1136 1302 οἴστρῳ

108 1319 306 1400 φέρεται..
348 1315 488 1380 Verbum
522 1315 593 1402 ἔρος
625 1340 685 1404 pro
720 1316 810 1404 ἔρως,
843 1316 931 1382 unde
966 1315 1032 1385 dat
1063 1315 1134 1403 ἔρῳ,

109 1416 198 1502 apud
221 1417 306 1483 solos
329 1426 441 1504 poetas
464 1417 598 1502 legitur:
623 1418 664 1488 cf.
687 1419 808 1504 Krueg.
829 1419 920 1506 Synt.
935 1418 1024 1488 Dial.
1047 1414 1137 1508 §2L

109 1517 288 1583 Buttmann
311 1517 402 1586 Ausf.
426 1518 572 1606 Sprachl.
597 1519 621 1608 ξ
642 1517 685 1592 56
708 1531 770 1586 not.
794 1517 823 1590 9.
847 1519 871 1612 ξ
891 1517 933 1588 58
955 1543 979 1590 ε.
1001 1544 1033 1587 v.
1055 1519 1141 1606 ἔρος

109 1619 179 1684 Nee
202 1621 306 1686 minus
327 1622 489 1707 poeticum
510 1631 556 1687 est
578 1617 926 1708 vocabulumoiorpoe,
949 1623 1066 1688 amoris
1087 1644 1136 1686 ar-

111 1719 335 1787 dentissimum
357 1722 497 1787 furorem
524 1723 710 1807 significans
721 1727 755 1807 2).
800 1724 908 1805 Quare
929 1747 1059 1791 versum
1081 1723 1136 1788 ali-

112 1843 208 1909 quem
243 1826 389 1911 scriptori
418 1833 492 1890 ante
522 1825 632 1891 oculos
654 1835 815 1890 versatum
840 1849 910 1891 esse
935 1825 1135 1892 crediderim.

197 1924 310 2013 Symp.
332 1921 370 1993 3:
408 1929 492 2009 μισῶ
514 1926 589 2011 γάρ,
624 1928 703 2014 φησί
731 1928 783 1993 καὶ
809 1925 826 1991 ὅ
849 1925 1015 2015 ποιητικὸς
1035 1922 1138 2008 λόγος,

110 2023 259 2110 μνάμονα
280 2027 457 2111 συμπόταν.
503 2029 576 2094 Hoo
592 2029 742 2116 equidem
758 2031 916 2094 existumo
931 2028 1137 2116 proverbium

112 2150 192 2212 esse,
229 2152 249 2194 a
284 2139 380 2216 poeta
412 2140 519 2195 tamen
551 2131 659 2218 aliquo
692 2139 806 2217 postea
837 2153 933 2197 versu
965 2131 1136 2212 inclusum,

112 2231 383 2317 quemadmodum
417 2233 451 2297 in
482 2233 662 2318 proverbiis
698 2254 794 2318 saepe
817 2233 853 2298 fit
864 2237 899 2313 ³).
952 2235 1003 2298 De
1024 2240 1137 2319 poetae

110 2334 241 2398 nomine
273 2335 407 2398 minime
440 2342 580 2399 constat:
616 2333 656 2398 cf.
679 2333 791 2419 Bergk
812 2334 889 2422 Lyr.
910 2334 966 2400 Gr.
989 2356 1020 2420 p.
1043 2329 1136 2400 1074.

111 2434 281 2499 Fritzschii
301 2437 384 2517 μισῶ
414 2436 447 2500 in
472 2440 572 2517 μισέω
597 2436 786 2520 corrigentis
809 2437 941 2501 nimiam
957 2435 1136 2500 libertatem

111 2558 177 2600 non
192 2536 311 2621 probo:
336 2558 432 2623 saepe
455 2538 540 2601 enim
563 2558 604 2602 ne
626 2536 730 2602 studet
751 2536 880 2623 quidem
895 2538 1059 2603 Lucienus
1081 2536 1138 2602 tali
1221 2603 1222 2606 ,

111 2639 143 2702 in
168 2659 204 2702 re
227 2639 390 2724 integrum
410 2637 553 2724 proferre
573 2660 710 2708 versum.

197 2739 329 2808 Hercul.
351 2739 371 2805 1
393 2740 514 2822 μᾶλλον
542 2740 580 2804 δὲ
604 2738 747 2824 Χάρωνα
772 2733 791 2826 ἢ
812 2732 958 2806 Ἰάπετόν
980 2760 1052 2805 τινα
1076 2739 1139 2803 τῶν

111 2840 355 2927 ὑποταρταρίων
379 2889 387 2904 .
411 2891 418 2906 .
443 2835 524 2906 εἶναι
544 2834 584 2907 ἂν
608 2840 772 2914 εἰκάσειας.
817 2840 938 2906 Vocem
961 2837 1139 2924 ὑποταρτα-

112 2948 190 3028 ρίων
222 2951 390 3030 poetarum
422 2965 493 3008 esse
529 2951 630 3028 patet;
665 2965 761 3030 quem
790 2953 897 3009 tamen
927 2942 1059 3008 Homeri
1083 2949 1139 3004 aut

112 3045 256 3110 Hesiodo
280 3067 408 3110 versum
429 3044 593 3109 Lucienus
615 3047 801 3130 respexerit,
823 3046 1020 3129 ignoramus.

199 3147 345 3212 Calumn.
367 3142 402 3212 3:
449 3144 524 3212 ἕαδε
556 3147 680 3232 μηνίειν
709 3147 761 3212 καὶ
789 3147 867 3233 βοῆς
896 3142 1078 3228 ἐνεπίμπλα
1099 3142 1139 3208 τὰ

113 3249 266 3333 βασίλεια.
306 3247 380 3314 Jam
404 3250 551 3336 Guyetus
574 3247 655 3312 haec
676 3250 835 3334 poeticum
858 3248 997 3313 calorem
1019 3247 1140 3334 spirare

114 3351 201 3418 vidit.
242 3351 375 3416 Minime
394 3350 570 3436 probamus
597 3350 804 3415 mutationem
825 3373 845 3414 a
860 3348 1075 3415 Valckenario
1105 3349 1140 3412 in

186 3609 211 3675 1)
230 3609 268 3659 Cf.
287 3606 367 3658 Ennii
385 3605 504 3672 „lapideo
522 3605 600 3656 corde
620 3611 683 3656 sunt
700 3607 802 3658 multi.“

183 3695 212 3757 2)
231 3693 318 3746 Simili
345 3691 422 3742 modo
449 3692 517 3742 Plst.
543 3693 607 3756 Rep.
625 3691 672 3742 IX.
691 3692 766 3742 57⁷0.
794 3690 905 3742 Phaedr.
926 3691 1004 3755 240⁶,
1031 3689 1076 3741 ubi
1102 3689 1140 3740 sie

117 3769 225 3855 οἶστρος
243 3779 350 3845 legitur,
375 3778 477 3845 poetiee
495 3781 556 3828 sunt
573 3779 731 3843 comparata.
1034 3779 1036 3782 '

183 3863 210 3930 3)
229 3863 268 3915 Os.
287 3864 341 3918 cie
359 3863 434 3915 Orat.
453 3865 468 3926 ς
489 3863 521 3914 14
539 3876 597 3915 eum
616 3861 717 3928 Vergil.
736 3858 834 3927 Georg.
852 3859 898 3932 lv:
920 3860 976 3912 lte.
