2972 4978
576 457 617 530 11

77 637 337 732 ἀεροβατοῦντας
369 635 557 712 δεικνύουσα
600 644 636 734 (ἡ
670 632 831 730 accedia)
870 647 922 712 καὶ
960 631 1114 733 νεφέλαι
1204 617 1206 621 ⁸

76 745 244 823 ξυνόντας.
287 745 356 811 Neo
377 747 483 812 minus
506 770 553 826 ea,
576 771 660 836 quae
681 747 798 814 deinde
818 757 1006 836 sequuntur,
1025 750 1107 835 ψυλ-

76 848 149 914 λῶν
167 844 342 936 πηδήματα
364 850 611 935 διαμετρεῖσθαι
632 852 666 914 in
682 856 866 917 memoriam
885 873 1037 917 revocare
1052 851 1107 916 Ar.

75 949 168 1020 Nub.
191 945 255 1015 144
276 971 341 1036 sq.:

212 1043 340 1139 ἀνήρετ’
362 1045 436 1134 ἄρτι
458 1052 669 1137 Χαιρεφῶντα
690 1051 857 1140 Σωκράτης

211 1151 345 1238 ψύλλαν,
365 1148 511 1225 ὁπόσους
531 1148 640 1220 ἅλοιτο
660 1153 735 1228 τοὺς
756 1153 850 1243 αὑτῆς
871 1155 976 1228 πόδας

77 1257 150 1322 iam
170 1278 191 1321 a
211 1254 371 1341 prioribus
392 1255 618 1341 interpretibus
641 1264 689 1322 est
711 1258 926 1324 observatum.

169 1357 252 1422 Ran.
271 1351 356 1446 13οΟΙ
375 1355 555 1443 Aeschylus
578 1379 612 1422 se
635 1358 712 1425 dicit
732 1360 890 1426 imitatum
913 1382 983 1426 esse
998 1371 1109 1448 poetas

78 1459 240 1540 Lesbios,
277 1480 319 1522 ne
352 1459 385 1524 in
418 1457 593 1546 Phrynichi
629 1469 771 1547 segetem
801 1461 959 1528 immitere
994 1463 1109 1529 falcem

77 1561 261 1631 videretur:

214 1701 256 1711 -
275 1701 318 1711 -
340 1661 458 1748 ἵναμὴ
480 1655 537 1728 τὰν
559 1655 657 1728 αὐτὸν
677 1667 824 1750 Φρυνίχῳ
860 1674 862 1680 ’

217 1764 358 1849 λειμῶνα
381 1764 527 1830 Μουσῶν
548 1757 638 1849 ἱερὸν
661 1760 800 1851 ὀφθείην
822 1767 960 1851 δρέπων.

78 1869 204 1934 Porsus
229 1865 350 1931 eisdem
371 1863 478 1930 verbis
500 1867 534 1930 in
548 1865 685 1932 Luciani
698 1865 819 1937 Pisa?
842 1867 936 1934 Plato
959 1869 1001 1935 ad
1016 1871 1111 1956 signi-

78 1961 255 2036 ficandum
269 1967 406 2032 Luciani
435 1988 539 2052 genus
571 1968 730 2034 scribendi
759 1969 858 2035 utitur
893 1970 945 2052 (cf.
979 1974 1109 2058 interpr.

79 2074 126 2139 ad
148 2071 210 2139 loc.
234 2069 427 2156 Aristoph.):
476 2117 515 2138 ..
550 2085 603 2136 σοι
631 2064 689 2138 τὸν
716 2071 852 2153 λειμῶνα
880 2069 1001 2140 ἐκεῖνον
1027 2075 1060 2155 (i.
1084 2095 1111 2141 e.

81 2175 206 2260 scripta
218 2180 330 2238 nostra
343 2170 579 2259 philosophica)
602 2166 817 2246 ἅναττετάντες
835 2168 892 2240 οὐκ
912 2171 1112 2258 ἐκωλύσαμεν

81 2277 269 2362 domaretur
282 2277 316 2356 ¹).

170 2378 227 2442 Ar.
252 2375 335 2444 Ran.
351 2371 435 2442 1106
456 2375 582 2440 codices
605 2374 756 2443 exhibent
778 2375 998 2464 ἆναδέρεσθον
1018 2375 1058 2444 τά
1077 2399 1113 2442 τε

82 2473 209 2546 παλαιὰ
222 2463 275 2543 καὶ
294 2475 334 2542 τὰ
348 2475 456 2544 καινάς
481 2476 567 2564 quod
583 2498 655 2542 cum
671 2489 855 2566 conuptum
870 2488 1000 2566 putaret
1014 2480 1113 2564 Berg-

80 2583 167 2659 kius,
191 2578 397 2645 scribendum
413 2581 536 2644 censuit
558 2574 620 2646 ἀνὰ
643 2571 674 2645 δ’
689 2578 826 2667 ἔρεσδον
849 2585 869 2647 i.
893 2605 919 2651 e.
942 2583 1111 2670 exquirite.

81 2683 314 2751 Verumtamen
329 2681 517 2768 scripturam
541 2682 685 2748 codicum
706 2684 905 2750 retinendam
927 2706 998 2750 esse
1021 2683 1114 2749 docet

82 2787 219 2850 imitatio
243 2782 380 2849 Luciani
410 2785 444 2848 in
472 2783 664 2869 Pseudolog.
693 2779 745 2868 20,
781 2807 844 2872 quo
867 2785 938 2851 loco
968 2786 1112 2871 scriptor,

85 2885 263 2953 adversarii
297 2886 465 2972 cujusdam
494 2885 580 2952 mala
595 2886 753 2952 'facinora
774 2896 961 2953 narraturus
985 2909 1020 2952 se
1045 2887 1115 2973 ipse

84 2988 292 3074 interrumpit
305 2987 356 3052 his
373 2988 496 3056 verbis:
515 2983 667 3054 ἀλλὰκαὶ
689 2983 855 3074 ἀναδέρειν
878 2983 956 3056 αὐτὰ
979 2985 1115 3076 αἰσχρὸν

85 3091 163 3164 ἴσως
186 3085 260 3172 ἐμαί
281 3089 303 3153 i.
326 3111 354 3154 e.
378 3089 454 3173 „sed
477 3089 530 3156 vel
551 3091 700 3156 refricare
722 3099 753 3156 et
774 3090 936 3156 narrando
957 3112 1115 3157 renovare

85 3193 150 3258 ista
164 3190 287 3258 scelera
300 3199 395 3277 turpe
413 3193 491 3274 est“,
509 3191 567 3258 ubi
588 3192 729 3258 dubitari
743 3193 862 3280 nequit,
886 3194 965 3279 quin
979 3192 1116 3258 verbum

85 3294 288 3359 rarissimum
307 3285 473 3378 ἀναδέρειν
489 3293 531 3359 ad
547 3294 732 3382 exemplum
746 3293 808 3360 loci
822 3295 1049 3382 Aristophanei
1060 3317 1116 3383 po-

86 3398 186 3461 situm
201 3395 281 3480 siu).
320 3393 394 3460 Hoc
417 3397 515 3480 igitur
538 3395 607 3462 loco
624 3397 750 3480 accidit,
773 3405 807 3462 ut
817 3396 983 3462 Lucienus
996 3395 1117 3462 Aristo-

91 3529 297 3542 ——-..

160 3602 185 3667 l)
211 3600 340 3652 Addimus
370 3600 478 3652 eandem
508 3602 652 3669 imaginem
681 3618 714 3653 ex
740 3604 799 3655 ioco
826 3604 960 3657 Lucianeo
986 3606 1116 3668 sumptam

89 3703 166 3740 sunm
185 3687 214 3736 in
232 3701 309 3738 nsum
327 3687 439 3738 vertisse
458 3692 592 3739 auctorem
614 3687 763 3740 Charidemi
782 3703 804 3740 c.
824 3693 867 3740 22.
964 3727 967 3732 .

158 3774 186 3839 2)
204 3773 281 3824 Hanc
298 3773 552 3840 argumentationem
576 3775 599 3825 si
618 3773 679 3840 quis
698 3778 816 3825 evertere
834 3773 912 3838 velit,
939 3775 1013 3841 prius
1032 3775 1056 3824 ei
1074 3772 1127 3824 dea

88 3857 274 3909 monetandum
292 3862 346 3922 est,
365 3859 511 3910 Lucienum
532 3860 639 3925 linguae
660 3875 725 3925 pure
743 3860 860 3912 Graecae·
877 3863 930 3912 tarn
949 3858 1118 3910 mediocriter

89 3957 204 4011 gnarum
228 3943 319 4007 titisse,
345 3948 376 3996 ut
401 3959 493 3998 versus
509 3945 714 4011 Aristophanem
739 3951 829 4014 aperte
858 3950 995 4013 corruptos
1019 3946 1118 4010 impru-

89 4027 184 4082 denter
201 4029 320 4084 imitatus
337 4031 381 4085 sit
