2898 5000
846 265 889 338 24

503 457 665 544 Aristoph.
1110 455 1190 546 Luc

354 557 513 646 πόρναισι
536 607 594 628 ...
617 561 816 648 παραβεβλη-
918 561 1056 647 ἑταίραις
1097 550 1348 644 παραδοθησό-

523 668 629 745 petros.
1088 681 1193 744 penos.

356 863 471 951 γυμνὸς
500 865 623 952 θύραζε
649 861 814 943 ἐξέπεσον.
919 862 1053 944 ἐξεώθει
1097 885 1141 1030 pp
1182 863 1277 1030 ιῆὲὃ
1302 858 1390 932 οἰκίαι

1089 969 1141 1048 (c.
1167 986 1194 1034 c.
1278 969 1303 1044 ).

441 1136 537 1202 Pluto
580 1138 613 1199 in
654 1145 790 1224 utroque
837 1141 956 1226 scripto
998 1138 1169 1224 opponitur
1202 1134 1389 1220 Paupertas

356 1243 486 1326 (Πανία)
498 1286 507 1321 ‚
542 1259 640 1325 quam
669 1258 840 1324 personam
866 1263 932 1306 non
959 1240 1065 1305 minus
1094 1259 1137 1302 ex
1167 1234 1389 1321 Aristophane

351 1340 483 1426 ¹ridetur
504 1341 663 1426 sumpisse
684 1338 858 1426 Lucienus,
893 1341 1023 1430 quando
1048 1339 1179 1428 quidem
1202 1337 1349 1404 easdem
1368 1337 1389 1398 ei

355 1442 466 1508 tribuit
483 1450 600 1528 partes,
623 1441 740 1530 quibus
761 1446 848 1530 apud
869 1442 1118 1529 Aristophanem
1140 1441 1311 1526 fungitur.
1347 1437 1388 1502 ln·

355 1543 466 1631 primis
499 1543 683 1624 notandum,
715 1543 802 1632 apud
831 1553 1001 1632 utrumque
1033 1544 1224 1630 scriptorem
1249 1541 1389 1629 Pauper·

356 1654 454 1711 tatem
476 1644 617 1730 gloriari,
648 1648 768 1734 quippe
799 1669 882 1734 quae
911 1649 1065 1728 omnium,
1097 1644 1214 1732 quibus
1240 1642 1387 1709 homines

356 1745 511 1831 fruantur,
532 1746 690 1813 bonorum
710 1755 821 1813 auctor
843 1750 898 1813 sit:
919 1748 1004 1814 Plut.
1025 1742 1090 1814 469
1112 1768 1159 1833 sq.
1181 1743 1275 1810 Tim.
1300 1737 1354 1810 33.

441 1863 486 1930 Ut
506 1864 644 1931 Luciani
665 1865 784 1932 Timon
806 1888 848 1932 ex
865 1865 1094 1953 Aristophanis
1114 1863 1207 1929 Pluto
1231 1864 1285 1928 ita
1308 1861 1386 1927 illius

356 1967 589 2053 Necyomantia
612 1975 644 2032 et
656 1967 810 2055 Gataplus
830 1990 872 2034 ex
891 1969 987 2056 hujus
1000 1966 1101 2032 Ranis
1120 1963 1291 2052 pendent:
1312 1981 1388 2050 quse

357 2090 408 2134 res
440 2068 528 2134 hisce
561 2069 718 2155 exemplis
754 2069 987 2156 comprobetur.
1032 2069 1071 2133 In
1097 2067 1198 2132 Ranis
1220 2067 1385 2151 Dionysus

357 2168 477 2257 pellem
498 2168 661 2236 leoninam
683 2194 722 2237 eo
745 2170 880 2236 consilio
904 2170 1019 2252 induit,
1043 2179 1080 2236 ut
1099 2170 1175 2236 Orci
1199 2165 1387 2234 custodibus

357 2293 393 2336 se
414 2269 589 2336 Herculem
621 2273 777 2338 invictum
809 2293 880 2337 esse
901 2272 1102 2359 persuadeat.
1147 2270 1210 2336 Oui
1235 2270 1288 2336 rei
1311 2269 1385 2334 benc

358 2371 533 2459 respondet
547 2371 626 2443 Luc.
639 2373 791 2461 Necyom.
805 2369 836 2458 8,
856 2396 919 2461 quo
946 2373 1018 2440 loco
1030 2373 1204 2460 Menippus
1226 2395 1267 2438 se
1287 2375 1388 2458 sperat

359 2472 455 2539 simili
478 2482 567 2538 veste
597 2474 744 2540 indutum
766 2474 892 2542 facilius
915 2477 948 2540 in
971 2475 1092 2541 Orcum
1113 2484 1291 2541 venturum
1314 2490 1385 2538 esse.

358 2574 426 2640 Nec
456 2595 522 2638 non
553 2574 618 2639 huc
648 2577 811 2661 pertinent
844 2599 892 2658 ea,
928 2599 1012 2663 quae
1031 2576 1186 2646 Fritzsoh.
1221 2576 1268 2641 ad
1294 2573 1386 2639 Arist.

358 2676 439 2744 Rau.
462 2669 526 2741 290
549 2675 733 2742 doctissime
756 2676 872 2747 attulit.
915 2678 955 2742 In
977 2678 1057 2747 Luc.
1090 2679 1176 2743 enim
1200 2665 1386 2763 cloppem
1422 2656 1424 2726 l

358 2777 497 2865 Micylus
531 2776 646 2842 eodem
679 2779 776 2845 modo
804 2788 841 2844 ut
862 2779 1011 2845 Bacchus
1042 2779 1135 2858 (Rau.
1155 2773 1231 2861 273)
1268 2802 1291 2845 a
1313 2776 1386 2843 Obs-

359 2901 438 2946 rone
459 2887 661 2946 transvectus
684 2882 789 2946 statim
814 2881 849 2947 in
872 2881 989 2948 densas
1010 2881 1159 2947 tenebras
1183 2881 1314 2947 incidit:
1351 2873 1384 2939 cf.
1424 2951 1425 2960 χ

361 2981 487 3067 Gatapl.
502 2975 571 3070 22„
595 2981 769 3068 Empusae‚
793 3005 878 3071 quac
899 2984 932 3047 in
946 2984 1031 3049 Ran.
1046 2977 1171 3071 290sq.
1202 2983 1385 3070 Dionysum
1424 3029 1425 3062 y

359 3082 603 3150 formidolosum
622 3090 733 3161 terret,
768 3093 875 3171 partes
898 3083 1066 3150 mandavit
1085 3083 1248 3152 Lucienus
1272 3082 1386 3150 Furiae

360 3195 465 3252 truces
489 3184 598 3251 oculos
620 3185 869 3256 circumferenti:
892 3208 921 3251 c.
943 3180 995 3254 22.

445 3303 568 3370 Ultimo
591 3302 663 3368 loco
683 3303 841 3388 addimus,
863 3303 1039 3370 Herculem
1056 3304 1256 3370 Lucisneum
1270 3298 1385 3370 similli-

360 3428 448 3472 mum
475 3427 546 3472 esse
568 3406 646 3494 ejus,
680 3428 777 3493 quem
798 3405 1030 3493 Aristophanes
1052 3406 1192 3472 inducet.
1234 3404 1337 3471 Velut
1355 3403 1384 3464 in

359 3508 431 3577 Joy.
454 3507 549 3594 Trag.
572 3503 616 3576 32
639 3507 706 3574 deis
728 3508 958 3590 dubitantibus,
988 3508 1067 3598 quid
1092 3510 1126 3573 in
1147 3509 1293 3574 homines
1316 3504 1385 3571 deo·

361 3632 433 3676 rum
458 3611 679 3676 auctoritatem
700 3611 912 3696 infringentes
934 3610 1138 3678 statuendum
1159 3611 1209 3693 sit,
1232 3603 1384 3674 Hercules

364 3733 489 3779 summa
511 3711 558 3776 ira
580 3713 754 3780 concitatis
773 3735 892 3794 omnes,
922 3714 978 3800 qui
999 3712 1107 3800 aliquo
1130 3712 1227 3777 modo
1250 3711 1320 3775 deis
1342 3708 1384 3770 in-

365 3815 438 3883 festi
461 3814 531 3898 sint,
560 3812 705 3882 firnditus
738 3813 999 3884 exterminandos
1031 3822 1148 3884 censet.
1194 3809 1384 3901 Respexisse
