2972 4978
887 363 928 438 10

395 559 481 641 tatis,
503 557 677 643 respondet
694 558 725 622 ei
743 557 858 623 Damis
881 557 1057 644 Epicureus
1083 597 1126 608 —-
1147 560 1238 648 cujus
1262 558 1325 624 sub
1350 582 1428 645 per-

396 681 478 726 sona
510 661 580 744 ipse
600 658 762 725 Lucienus
795 658 887 724 nobis
920 659 1047 725 videtur
1076 659 1178 727 latere
1209 682 1264 724 -τ
1298 653 1368 726 ἀλλ’
1404 649 1430 723 ὦ

396 758 562 843 θαυμάσιε
583 756 734 846 ποιητὴν.
745 761 806 843 μὲν
826 754 954 842 ἀγαθὰν
967 757 1109 847 Ὅμηρον
1129 762 1318 845 resosonat
1331 760 1440 830 redet

396 884 449 935 τες
482 880 534 927 σοι
564 859 859 948 ξονομολογὴσουσι,
890 860 1038 947 μάρτυρα
1057 863 1093 929 δὲ
1115 863 1221 951 ἀληθῆ
1247 865 1327 949 περὶ
1359 867 1428 928 τῶν

397 961 547 1030 τοιούτων
568 959 641 1030 οὔτε
662 959 786 1030 ἐκεῖνον
807 960 883 1031 οὔτε
905 960 1003 1030 ἄλλον
1016 961 1153 1054 ποιητὴν
1168 961 1291 1032 οὐδένα.
1327 966 1427 1029 Pror-

398 1088 453 1132 sus
485 1065 619 1130 eandem
651 1067 841 1160 sententiam
872 1064 906 1130 hi
930 1066 993 1131 loci
1014 1066 1167 1152 produnt:
1197 1068 1294 1153 Apol.
1315 1063 1348 1134 8.
1377 1090 1428 1153 sq.

399 1167 452 1232 De
473 1166 564 1231 Luot.
584 1161 614 1232 2.
641 1165 793 1252 Necyom.
815 1163 846 1236 3.
883 1167 969 1234 Gall.
992 1163 1023 1236 2.
1055 1168 1130 1237 Ver.
1154 1167 1267 1237 Η.11.
1291 1165 1345 1237 12.
1376 1166 1427 1237 13.

397 1268 473 1354 Jup.
495 1263 638 1338 cf.1.2.
667 1267 775 1335 Sacris
803 1268 822 1333 1
844 1291 892 1356 sq.
919 1269 1006 1340 Diss.
1030 1293 1057 1339 c.
1076 1276 1152 1341 Hes.
1176 1270 1195 1335 1
1219 1292 1265 1356 sq.
1292 1269 1441 1346 Saturnff

397 1369 429 1438 5.
448 1367 469 1436 6
522 1370 615 1435 Haec
628 1379 713 1436 recte
733 1393 754 1436 a
767 1370 859 1436 nobis
875 1371 1037 1458 disputate
1055 1393 1125 1438 esse
1140 1372 1258 1438 docent
1272 1394 1320 1454 ea,
1340 1394 1428 1459 quae

400 1475 442 1540 de
464 1475 591 1560 pictura
625 1481 657 1538 et
679 1480 747 1536 arte
776 1474 927 1539 statuaria
957 1496 978 1538 a
999 1473 1141 1540 Lucieno
1173 1475 1320 1560 exposita
1350 1497 1429 1540 con-

399 1577 501 1662 gessit
532 1573 743 1640 Bluemnerus
776 1575 873 1645 Arch.
908 1574 998 1644 Stud.
1033 1599 1062 1640 τ.
1095 1576 1175 1645 Luc.
1208 1598 1240 1662 p.
1261 1571 1319 1642 48:
1371 1579 1427 1663 qui

401 1676 534 1765 quidem
556 1677 608 1740 vir
631 1677 834 1743 doctissimus
859 1677 1031 1743 clarissimo
1046 1678 1285 1760 demonstravit,
1308 1677 1429 1742 Lucia-

400 1801 488 1861 num‚
523 1779 668 1864 quamvis
701 1801 818 1864 magno
844 1779 949 1845 studio
984 1788 1015 1844 et
1048 1781 1258 1846 admiratione
1283 1782 1428 1866 amplec-

400 1889 486 1946 tatur
506 1878 578 1946 illas
600 1888 694 1964 artes,
728 1891 835 1946 tamen
859 1903 912 1946 eas
934 1881 1074 1966 rejicere,
1108 1883 1166 1947 ubi
1194 1881 1293 1946 falsas
1316 1905 1428 1946 rerum

402 1982 582 2048 divinarum
615 1983 781 2068 opiniones
813 1981 955 2047 stabilire
985 1983 1164 2054 videantur.
1222 1985 1294 2048 Hoc
1328 1976 1429 2069 igitur

402 2106 528 2170 semper
555 2084 748 2167 tenendum,
788 2084 980 2168 Lucienum,
1014 2085 1211 2171 ubicumque
1244 2085 1429 2150 Homerum

402 2184 646 2271 Hesiodumque
665 2187 808 2270 castiget,
843 2184 890 2250 nil
917 2185 958 2249 de
985 2186 1135 2252 laudibus
1157 2209 1268 2253 eorum
1290 2190 1429 2274 poeticis

404 2285 582 2369 detrahere,
604 2286 662 2351 sed
682 2286 871 2370 fabularum,
892 2308 972 2372 quas
990 2288 1144 2374 praebeat
1158 2289 1329 2373 Homerus,
1351 2289 1429 2353 fidei

404 2409 475 2454 sese
507 2409 677 2475 opponere.
732 2387 845 2475 Neque
873 2410 974 2456 unum
1007 2392 1051 2455 ita
1073 2393 1211 2456 sensisse
1233 2390 1429 2472 Lucienum‚

402 2513 517 2558 verum
536 2492 644 2577 potius
667 2490 847 2577 complures
869 2493 955 2557 viros
976 2515 1091 2578 graves
1112 2513 1151 2557 ac
1170 2514 1245 2556 vere
1259 2491 1444 2578 religiosos*

403 2592 583 2658 Homerum
615 2592 786 2676 impietatis
816 2593 981 2658 incusasse
1009 2602 1141 2680 propter
1163 2604 1211 2660 tot
1237 2631 1280 2642 -
1306 2604 1345 2660 ut
1366 2595 1432 2681 ipsi

404 2693 554 2760 dicebant
588 2730 625 2741 -·
659 2693 836 2773 mendacia,
871 2694 1011 2760 ostendit
1043 2697 1096 2761 Fr.
1123 2699 1162 2765 A.
1193 2695 1332 2762 Wolfius
1358 2696 1380 2764 l.
1406 2719 1431 2762 c.

405 2795 538 2878 CLXII,
562 2797 618 2882 qui
641 2794 770 2882 quidem
790 2794 879 2861 haud
899 2799 1033 2882 exiguas
1052 2795 1163 2862 laudes
1185 2797 1251 2862 illis
1271 2798 1351 2862 viris
1374 2800 1432 2861 im-

405 2897 591 2985 pertiendas
611 2919 681 2963 esse
703 2899 882 2964 rectissime
906 2907 1024 2965 censet.

491 2999 544 3064 Ex
572 2999 803 3086 posterioribus
827 3003 929 3086 poetis
956 3003 1053 3087 epicis
1074 3000 1314 3066 Antimachi
1338 2999 1433 3065 Colo·

405 3103 518 3190 phonii
546 3124 647 3166 unum
675 3123 803 3168 versum
828 3103 905 3168 citat
924 3102 1087 3168 Lucienus
1113 3105 1147 3168 in
1170 3103 1246 3168 Ver.
1273 3100 1358 3166 Hist
1383 3100 1433 3168 ll.

405 3201 458 3288 42,
487 3209 533 3270 ite
553 3215 669 3286 tamen,
695 3213 740 3285 ut7
770 3203 848 3290 quid
871 3204 911 3269 de
941 3207 1009 3290 ejus
1028 3213 1142 3290 poetae
1162 3225 1281 3288 genere
1302 3203 1436 3268 dicendi

402 3308 606 3397 judicaverit,
635 3305 729 3372 simul
759 3306 888 3371 indicet.
932 3305 1094 3372 Lucienus
1124 3308 1237 3391 igitur,
1272 3305 1357 3370 mira
1380 3304 1436 3369 illa

406 3413 532 3488 itinera,
556 3429 639 3497 quae
654 3410 689 3472 in
702 3407 776 3474 Ver.
794 3407 875 3476 Hist.
895 3407 1129 3491 describuntur,
1151 3429 1224 3472 cum
1239 3407 1333 3472 sociis
1350 3428 1436 3471 com-

406 3513 555 3600 pluribus
586 3511 774 3596 suscipiens‚
810 3531 882 3574 cum
908 3508 1034 3574 delatus
1066 3517 1152 3575 esset
1174 3509 1217 3574 ad
1245 3529 1314 3573 eam
1336 3512 1436 3572 maris

408 3625 547 3702 partem,
581 3635 664 3699 quae
696 3611 803 3677 densis
836 3610 1003 3678 arboribus
1039 3614 1162 3676 consita
1195 3611 1437 3694 navigationem

409 3741 506 3806 quam
524 3717 666 3780 maxime
687 3714 866 3800 impediret,
890 3734 1027 3800 cumque
1052 3733 1163 3777 omnes
1184 3711 1283 3794 dubii,
1312 3733 1380 3797 quo
1405 3733 1437 3776 sc

408 3827 580 3900 verterent,
599 3816 777 3894 haererent,
798 3815 968 3882 consilium
982 3837 1017 3880 se
1032 3817 1157 3900 cepisse
1171 3823 1291 3894 narrat,
1304 3815 1437 3898 navigio

409 3932 444 3993 in
465 3923 563 3989 altum
586 3917 713 3984 sublato
741 3939 838 4004 super
859 3919 945 4004 ipsas
966 3915 1097 3982 arbores
1116 3916 1206 4000 vehi,
1234 3915 1317 3981 velis
1339 3925 1437 3982 vento
