2972 4978
604 346 645 418 11

97 539 204 608 datis.
247 538 360 624 Pergit
381 536 500 604 deinde
518 537 565 602 sic
579 536 662 606 fere:
685 535 797 620 „Haec
814 535 893 602 dum
906 535 997 618 finnt,
1019 535 1055 600 in
1068 556 1134 600 me·

97 642 245 708 moriam
265 639 347 704 mihi
368 638 494 705 rediere
514 635 572 704 ille
590 635 776 702 Antimachi

105 777 108 786 ·
242 747 355 806 Τοῑσον
377 735 408 804 δ’
430 736 566 826 didesia
587 736 643 808 διὰ
662 736 768 805 πλόον
789 733 1018 824 ἐρχομένοοσο.“

99 843 160 910 Ad
197 843 278 908 haee
311 839 507 927 epocende
537 841 711 906 rectissime
731 839 864 906 Stellius
893 840 926 903 in
948 835 1060 902 libello
1081 839 1136 922 qui

101 942 296 1010 inscribitur
317 943 458 1024 ,Antim
477 941 653 1028 reliquiee“
679 939 838 1027 (Dillenb.
853 931 951 1034 1845)
975 959 1000 1006 s.
1022 937 1136 1022 fragm.

101 1043 153 1112 74
176 1043 281 1110 ettulit
302 1042 410 1112 Schol.
432 1042 474 1108 ed
496 1043 650 1110 Nicandr.
674 1041 770 1108 Ther.
792 1035 866 1122 295,
895 1061 959 1128 quo
982 1039 1137 1106 Nicandri

103 1147 184 1212 loco
204 1167 278 1210 oum
300 1165 367 1210 vox
391 1140 491 1217 πλόος
514 1145 555 1211 de
576 1145 690 1212 itincre
711 1143 853 1208 terrestri
873 1149 1028 1228 usurpate
1042 1149 1136 1222 essct,

104 1245 285 1313 scholiasta
311 1243 444 1326 addidit,
478 1247 640 1314 interdum
669 1265 742 1310 eum
774 1266 869 1309 usum
889 1241 977 1329 apud
1002 1243 1136 1308 seriores

105 1349 284 1434 scriptores
319 1345 528 1431 deprehendi.
585 1347 750 1414 Lucienus
777 1353 886 1410 autem
908 1342 956 1409 de
981 1345 1138 1410 industria

104 1471 178 1518 non
198 1443 375 1536 respiciens
397 1449 493 1514 totius
516 1447 580 1514 loci
603 1447 803 1522 Antimachei
820 1467 951 1528 nexum,
973 1467 1046 1511 cum
1069 1467 1138 1510 ver-

106 1574 184 1620 sum
206 1550 299 1616 illum
319 1550 365 1614 ite
383 1549 504 1626 efferat,
527 1558 564 1615 ut
583 1549 796 1615 Antimachus
818 1548 1058 1632 navigationem
1079 1567 1138 1632 per

108 1653 211 1721 silves
232 1651 351 1716 factem
368 1647 512 1716 indicere
524 1651 681 1733 videatur,
703 1657 812 1737 operte
831 1647 943 1714 irridet
960 1649 1138 1735 quaesitum

110 1753 242 1820 dicendi
264 1773 367 1838 genus
390 1752 575 1818 Antimaohi
598 1751 776 1839 praefracte
801 1760 833 1816 et
852 1750 985 1816 obscure
1007 1748 1139 1835 loquen-

108 1858 170 1924 tis:
203 1877 268 1942 que
300 1852 341 1918 de
367 1874 403 1918 re
425 1852 524 1940 plene
546 1856 703 1920 consentit
723 1853 888 1919 Lucienus
910 1873 984 1916 cum
1003 1850 1139 1936 Dionys.

108 1955 219 2024 Helio.
242 1956 307 2039 (De
327 1955 441 2042 Comp.
461 1956 550 2021 verb.
572 1954 636 2023 vol.
653 1955 693 2026 V.
716 1978 749 2042 p.
765 1950 828 2024 150
848 1953 911 2036 R),
939 1975 959 2018 a
983 1973 1046 2039 quo
1069 1951 1138 2036 ejus

112 2059 214 2125 dictio
244 2057 410 2144 judicetur
431 2054 606 2142 ἄναρθρος,
640 2053 676 2122 ἐν
705 2057 835 2128 πολλοῖς
860 2047 1140 2140 desponsaberis

112 2157 322 2241 ἀκολουθίας,
354 2151 467 2246 ἥκιστα
499 2151 643 2244 ἀνθηρὰ,
679 2158 901 2242 μεγαλόφρων,
935 2151 1140 2232 αὐθέκαστος,

111 2254 329 2347 ἀκόμψευτος,
350 2255 407 2326 τὸν
428 2254 607 2345 ἀρχαϊσμὸν
627 2261 679 2326 καὶ
701 2257 761 2326 τὸν
774 2265 870 2328 πίνον
884 2257 1003 2338 ἔχουσα
1016 2254 1139 2331 κάλλος.

584 2586 613 2664 ξ.
641 2577 672 2648 2.

200 2765 254 2830 Ex
272 2775 440 2853 poetarum
461 2766 637 2854 lyricorum
658 2788 791 2833 numero
806 2764 1051 2832 Archilochi
1075 2787 1140 2829 uno

114 2875 240 2932 tantum
254 2866 324 2934 loco
345 2869 537 2934 mentionem
550 2869 626 2935 feeit
640 2868 812 2951 Lucienus,
836 2889 1042 2954 quamquem,
1064 2866 1142 2953 quid

115 2969 157 3034 de
179 2967 248 3053 ejus
272 2968 382 3035 indole
403 2991 442 3034 ee
462 2972 496 3036 vi
515 2973 642 3057 poetice
657 2971 802 3053 senserit,
826 2971 902 3036 satis
917 2968 1005 3034 clere
1020 2967 1141 3034 exiliis

114 3069 221 3138 verbis
242 3073 474 3156 cognoscimus.
519 3071 559 3135 In
580 3071 771 3155 Pseudolog.
785 3061 892 3157 'igitur
910 3094 935 3138 c.
959 3072 989 3136 1.
1011 3066 1040 3137 2.
1082 3072 1142 3136 Ar·

116 3171 282 3239 chilochus
313 3193 441 3260 semper
474 3195 600 3239 summe
632 3172 761 3238 dicendi
795 3173 943 3239 libertate
972 3194 1050 3238 usus
1072 3193 1142 3237 esse

116 3275 247 3357 dicitur,
270 3295 438 3361 nunquam
460 3277 639 3340 carminum
660 3275 833 3342 acerbitate
856 3296 995 3357 cessans,
1018 3275 1144 3339 etiamsi

116 3376 317 3442 adversarios
345 3376 398 3441 vel
420 3378 561 3442 maxime
588 3376 718 3441 laedere
740 3375 917 3456 videbatur,
950 3397 1064 3441 verum
1084 3376 1143 3441 ubi

116 3477 234 3563 aliquis
256 3477 288 3542 ei
303 3477 498 3564 respondere
512 3477 661 3560 audebat,
683 3499 721 3543 eo
745 3479 849 3543 acrius
872 3479 906 3541 in
929 3500 1002 3543 eum
1015 3478 1143 3542 invehe-

115 3580 221 3648 batur.
263 3578 375 3664 Digne
394 3579 474 3645 haec
496 3589 585 3660 sunt,
617 3601 701 3666 quee
722 3585 926 3645 conferantur
947 3600 1021 3644 cum
1043 3579 1143 3660 Quin-

116 3679 218 3746 tiliani
240 3681 348 3746 verbis
371 3679 444 3750 libr.
465 3681 507 3750 X.
530 3677 561 3763 1,
577 3676 628 3748 60.
651 3721 691 3730 -
714 3681 843 3748 Deinde
864 3682 972 3749 nescio
994 3704 1036 3748 an
1057 3689 1142 3746 recte

111 3781 309 3870 judicaverit
326 3781 589 3850 Schneidewinus
612 3783 740 3866 (Philol.
756 3778 840 3850 1846
857 3805 889 3870 p.
904 3777 994 3876 363),
1014 3803 1143 3848 versum
1264 3857 1266 3860 y

116 3885 173 3971 qui
208 3891 256 3950 est
277 3884 310 3950 in
333 3883 413 3952 Luc.
437 3884 546 3972 Scyth.
571 3907 599 3950 c.
620 3880 642 3950 9
665 3882 861 3950 Archilocho
883 3884 1034 3964 tribuens,
1069 3903 1142 3948 cum
