2898 5000
547 351 591 426 25

48 567 113 633 pro
151 551 237 610 certo
269 543 374 610 habeo
396 543 578 610 Lucianum
603 544 765 633 Aristoph.
788 543 848 614 Av.
871 537 1081 625 15751576,

49 647 114 712 ubi
134 645 295 712 Hercules
315 647 386 733 pari
410 669 517 733 poena
539 646 623 712 affici
651 646 722 713 vult
743 646 906 712 maleficos
927 646 1003 711 istos
1025 644 1082 731 qui

50 756 164 816 altram
201 749 426 817 obstruxerint.
471 749 536 814 Hic
568 770 664 835 porro
686 747 913 814 memorandus
936 755 984 812 est
1005 745 1082 833 Jup,

51 852 155 938 Trag.
178 873 205 920 o.
226 845 279 934 20,
313 850 368 916 ubi
389 856 631 937 παρέγγραπτος
644 853 667 930 ¹)
695 849 775 916 deus
797 849 854 914 ille
876 847 1002 932 dicitur,
1035 857 1084 914 ut·

52 961 136 1040 pote
169 953 224 1040 qui
247 975 319 1018 ssro
351 975 388 1017 ao
411 953 470 1018 vix
492 952 709 1038 legitimorum
731 952 864 1034 deorum
887 951 1008 1037 agmini
1030 949 1083 1016 56-

55 1054 144 1119 ditus
168 1055 219 1120 sit.
259 1053 390 1121 Similes
414 1055 507 1141 jocos
537 1054 579 1119 65
608 1052 756 1119 Herculis
780 1056 894 1140 556515
915 1054 968 1134 (sit
988 1051 1084 1118 venia

53 1178 175 1242 graeco
190 1155 302 1236 verbo)
324 1155 554 1243 Aristophanes
569 1156 736 1242 proposuit
754 1155 787 1220 in
802 1155 865 1222 Av.
880 1150 974 1222 1669.
989 1147 1083 1221 1650.

556 1477 588 1544 5.

144 1695 218 1762 Jam
240 1699 458 1764 accedendum
487 1699 529 1765 ad
557 1721 612 1764 eos
631 1699 771 1765 Luciani
799 1698 898 1782 locos,
932 1697 987 1763 ubi
1010 1716 1084 1761 cum

57 1821 179 1884 magna
200 1800 313 1866 saltem
326 1800 560 1888 probabilitatis
585 1803 692 1889 specie
706 1801 953 1889 Aristophanem
970 1798 1012 1864 ab
1027 1797 1084 1863 illo

57 1922 249 1987 expressum
272 1925 343 1968 osso
365 1902 579 1970 demonstrari
599 1911 713 1990 potest.

144 2055 308 2122 Lucianus
342 2077 537 2143 quamquam
566 2078 675 2122 omnes
697 2057 739 2122 ad
761 2078 861 2120 unum
887 2055 964 2120 deos
983 2075 1085 2142 popu·

59 2155 144 2221 lares
168 2157 307 2223 ludibrio
330 2156 488 2241 habebat,
522 2159 679 2246 imprimis
700 2168 808 2225 tamen
830 2156 985 2223 irridebat
1008 2154 1085 2222 deos

60 2261 138 2323 istos
161 2269 325 2340 externos,
359 2260 414 2346 qui
447 2269 592 2347 tempore
613 2262 806 2347 procedente
828 2280 954 2346 semper
976 2257 1085 2345 plures

60 2363 93 2424 in
116 2367 293 2426 ceterorum
316 2384 485 2426 numerum
504 2362 743 2449 recipiebantur
751 2364 786 2445 ²),
807 2361 980 2427 Sabazium
1002 2359 1086 2441 dico,

62 2461 293 2548 Corybantem,
314 2463 413 2530 alios:
448 2465 540 2551 cujus
570 2465 617 2530 rei
639 2464 729 2530 locus
750 2463 957 2548 gravissimus
985 2470 1033 2526 est
1052 2463 1086 2525 in

61 2564 162 2629 Deor.
186 2562 284 2630 Ocno.
311 2561 341 2644 9,
374 2564 447 2633 add.
471 2565 606 2634 Icarom.
630 2549 681 2634 27.Ι
727 2565 838 2630 Priore
858 2564 929 2629 loco
950 2562 1085 2645 Momus,

62 2673 97 2729 ut
127 2664 201 2731 illos
234 2687 253 2730 e
287 2666 377 2732 coelo
407 2666 579 2754 depellant,
609 2677 731 2733 ceteros
761 2667 837 2732 deos
859 2667 1011 2747 hortatur,
1046 2664 1086 2733 cf.

63 2762 164 2835 510.
208 2767 281 2833 Jam
310 2791 387 2834 vero
417 2791 490 2834 oum
511 2768 762 2856 Aristophanem
783 2769 817 2833 in
838 2769 934 2834 Horis
944 2769 969 2846 ³)
991 2766 1087 2831 simili

63 2871 186 2935 ratione
221 2871 300 2935 istos
324 2872 510 2957 peregrinos
533 2892 575 2934 ex
608 2871 741 2936 deorum
766 2870 893 2950 civitate
915 2867 1087 2955 ejiciendos

64 2971 227 3037 censuisse
248 2993 266 3036 5
286 2971 450 3038 Ciceronis
472 2972 524 3038 De
547 2971 659 3059 Legib.
682 2967 831 3055 11‚15⁴)
854 2969 985 3051 eluceat,
1005 2970 1086 3035 veri·

65 3072 168 3137 simile
189 3080 245 3156 est,
266 3074 445 3140 Lueianum
467 3075 502 3139 in
524 3074 613 3140 hisce
633 3073 729 3140 rebus
752 3073 911 3138 imitatum
933 3093 1002 3138 5555
1017 3071 1088 3136 Ari·

66 3174 265 3261 stophanem.

134 3433 159 3498 1)
181 3431 220 3484 Of.
241 3431 442 3500 grammaticum
459 3433 488 3483 in
508 3433 614 3489 Baohm.
634 3433 737 3486 Anelul.
755 3433 803 3486 Gr,
821 3434 855 3486 11.
873 3450 899 3501 p.
917 3435 975 3488 3116.

134 3518 160 3584 2)
179 3517 217 3572 cf.
236 3519 396 3585 Hertaberg:
418 3518 512 3570 Gesch.
531 3519 635 3572 Grieoh.
655 3523 710 3570 unt.
728 3519 779 3571 den
797 3521 871 3572 Rom.
890 3520 924 3571 11.
943 3521 1002 3570 266.

134 3607 160 3669 3)
179 3607 338 3670 Fragmenta
355 3609 416 3656 sunt
437 3620 478 3670 ap.
496 3605 576 3655 Mein.
594 3605 666 3657 Gom.
685 3605 730 3656 Gr.
748 3606 854 3672 Fragm.
873 3606 907 3656 11.
925 3622 951 3672 p.
971 3605 1038 3656 11⁷0
1049 3619 1089 3673 sq.

133 3689 161 3756 l)
178 3691 285 3756 „Noros
306 3705 370 3742 varo
393 3688 456 3742 6555
481 3693 507 3740 et
533 3689 561 3740 in
583 3690 624 3741 his
647 3690 763 3742 55155615
781 3695 923 3744 nocturnas
945 3690 1088 3757 perviliga·

68 3778 150 3827 tiones
175 3775 214 3828 515
235 3775 315 3827 Arist.
342 3775 519 3827 facetissimus
544 3780 621 3842 poeta
644 3777 742 3828 veteris
761 3777 924 3829 commodiss
943 3779 1029 3838 vexat,
1058 3778 1088 3824 ut

69 3859 134 3927 apud
155 3875 213 3912 cum
226 3860 355 3914 Sabazius
374 3866 400 3912 et
418 3860 524 3928 quidam
543 3860 649 3913 5111651
667 3861 802 3931 peregrini
816 3862 930 3928 judicati
947 3877 962 3913 5
980 3861 1088 3914 civitate

69 3946 230 4012 ejiciuntur!¹
577 3955 580 3959 '
942 3967 944 3974 ·
