2898 5000
832 295 876 366 42

341 484 444 552 Diatr.
470 506 500 570 p.
514 477 578 552 288
601 485 801 572 propositam
815 481 1002 565 ἐχαλὲπαανε
1020 482 1072 548 καὶ
1091 482 1169 568 βοῆς
1183 477 1394 562 ἐνεπίμπλα

341 582 381 650 τὰ
403 586 563 669 βασίλειαι
586 584 704 650 malam
728 588 811 651 enim
830 588 1026 674 juncturam,
1049 606 1146 671 quam
1167 582 1227 649 ille
1257 583 1301 646 in
1325 603 1395 645 ver·

340 685 390 752 bis
423 687 550 752 traditis
584 684 826 772 deprehendere
859 686 922 754 sibi
944 687 1031 751 visus
1056 692 1114 766 est,
1147 686 1301 750 omnino
1330 703 1394 747 noo

341 790 508 855 cernimus.
553 787 601 855 of.
623 787 692 853 Jac.
712 788 755 853 ad
773 787 853 854 Luc.
875 786 967 852 Aleia
985 782 1037 856 57.

426 883 531 956 Voces
554 890 707 975 poeticae,
731 889 846 977 quibus
861 889 1024 956 Lucienus
1044 889 1121 955 satis
1144 907 1250 972 saepe
1275 885 1395 963 utitur,

342 992 422 1058 haec
443 1000 530 1058 sunt:
555 990 676 1077 Γοερὸς
694 1018 739 1052 =
758 989 879 1079 γοώδης
895 991 1021 1073 flebilis,
1044 985 1288 1068 lamentabilis,
1315 985 1395 1068 „sed

342 1095 444 1178 magis
467 1094 659 1179 poeticum“‚
691 1101 727 1157 ut
757 1092 790 1158 in
819 1091 983 1158 Thesauro
1018 1101 1103 1157 reete
1135 1089 1293 1157 additur,
1346 1085 1393 1152 Of.

342 1194 419 1260 Luc.
442 1193 532 1262 Luat.
555 1189 604 1261 13.
634 1193 748 1262 sacrif.
771 1191 823 1264 12.
844 1194 991 1260 Phalaris
1011 1195 1027 1259 I
1062 1191 1112 1264 11.

427 1293 603 1380 Ascraeos:
625 1300 849 1382 „penetrans“,
865 1297 994 1380 tragicis
1009 1295 1271 1362 usitatissimum.
1308 1290 1391 1358 Luc.

342 1395 455 1462 Gallus
476 1418 503 1462 c.
527 1396 557 1465 1.
579 1397 665 1463 unde
687 1405 886 1484 assumptum
909 1407 956 1463 est
977 1398 1019 1464 ab
1043 1406 1173 1464 auctore
1191 1393 1391 1480 Philopatr.

342 1519 370 1567 c.
393 1495 422 1566 6.

427 1597 624 1685 Πρὸκαπαςε
661 1600 794 1667 verbum
829 1599 872 1665 ab
894 1598 1055 1686 Aeschylo
1088 1599 1263 1664 inventum
1282 1601 1321 1678 ¹).
1355 1635 1386 1642 -

341 1701 422 1767 Luc.
446 1701 498 1766 De
519 1700 614 1771 Dom.
637 1698 688 1770 30.
710 1700 797 1767 Dial.
820 1701 902 1768 Mar.
926 1701 1016 1768 XIV.
1038 1696 1067 1769 3.

432 1805 601 1892 Τερπαλὴε
623 1815 672 1871 est
685 1804 820 1870 Homeri
841 1801 1098 1889 etTheognidis,
1119 1823 1192 1866 cum
1211 1798 1389 1887 pedestris

343 1907 500 1971 sermonis
522 1907 693 1992 scriptores
716 1912 875 1992 usurpent
897 1911 1019 1991 τέρψις.
1044 1941 1083 1952 --
1107 1902 1187 1968 Luc.
1211 1901 1305 1969 Icar.
1334 1894 1385 1965 16.

343 2005 430 2076 Dial.
453 2013 546 2073 Mort.
567 2006 708 2076 XXVII.
732 2004 760 2075 7.

727 2430 989 2500 OONOLUSIO.

429 2656 541 2720 Restat
561 2662 597 2717 ut
618 2674 822 2739 quaeramus,
855 2675 932 2716 num
954 2651 1035 2718 forte
1056 2651 1220 2718 Lucienus
1242 2661 1378 2739 poetam
1438 2657 1440 2716 1

346 2757 485 2845 aliquem
508 2754 644 2820 latinum
669 2763 724 2819 aut
745 2754 924 2838 respexerit
945 2761 1001 2817 aut
1023 2755 1163 2820 imitatus
1185 2755 1235 2819 sit.
1277 2749 1379 2832 Quod

344 2869 380 2925 ut
411 2865 498 2922 recte
530 2855 752 2942 dijudicemus,
787 2855 878 2940 prius
910 2855 1096 2935 videndum,
1128 2877 1204 2920 uum
1239 2855 1376 2920 omnino
1439 2853 1440 2906 l

345 2959 492 3046 scriptori
524 2955 572 3022 illi
603 2956 737 3042 linguae
764 2954 885 3021 latinae
906 2958 1021 3021 notitia
1041 2957 1214 3022 tribuenda
1237 2959 1295 3022 sit:
1336 2954 1377 3018 <le

345 3083 410 3148 qua
436 3081 472 3125 re
496 3060 612 3124 mirum
634 3066 790 3145 quantum
812 3058 873 3122 viri
897 3057 983 3123 docti
1007 3060 1090 3124 inter
1112 3080 1147 3124 se
1169 3058 1376 3124 dissentiunt.
1439 3049 1440 3136 1

344 3161 564 3229 Bernhardius
586 3160 682 3242 enim,
703 3159 795 3226 nulla
817 3159 947 3246 quidem
960 3161 1236 3246 argumentatione
1250 3160 1376 3240 addita,

346 3286 419 3329 eum
439 3263 537 3328 latine
556 3259 713 3348 loquendi
733 3262 846 3327 rudem
860 3261 959 3326 fuisse
977 3261 1054 3327 dicit
1065 3266 1106 3344 2);
1129 3272 1241 3328 contra
1258 3259 1374 3329 Jacob.
1439 3247 1440 3322 l

345 3366 388 3431 ad
405 3364 483 3431 Luc.
506 3362 683 3429 Alexandr.
707 3358 748 3431 15
769 3371 893 3428 tantum
915 3363 1009 3428 abest
1036 3373 1072 3429 ut
1102 3363 1185 3430 illud
1205 3363 1373 3442 concedat,
1439 3445 1440 3466 Χ

416 3592 441 3655 1)
460 3587 500 3639 cf.
519 3584 601 3642 Todt:
620 3585 653 3638 de
666 3585 797 3652 Aeschylo
815 3585 1007 3639 vocabulorum
1025 3588 1165 3638 inventore
1183 3584 1372 3638 commentatio
1439 3643 1440 3652 ἵ

346 3691 372 3740 p.
390 3676 433 3726 sa.
468 3673 521 3737 Qui
532 3659 634 3736 'tamem
661 3672 806 3724 Lucianum
831 3673 963 3740 permulta
990 3671 1024 3724 sb
1042 3673 1091 3723 Ae.
1113 3672 1220 3739 petiisse
1237 3671 1371 3723 affirmans
1439 3671 1440 3690 1

346 3761 382 3826 (p.
396 3761 424 3825 3)
441 3759 552 3810 fallitur.

415 3844 442 3911 2)
460 3841 574 3896 Grundr.
591 3842 639 3896 der
656 3859 697 3911 gr.
715 3843 755 3895 lit.
772 3843 798 3896 1³
820 3861 848 3911 p.
865 3843 925 3894 665.
