2972 4978
566 267 610 342 37

52 456 328 523 vicissitudinum
363 478 578 546 casuumque,
618 481 698 547 quos
731 459 798 526 vita
818 457 959 526 humana
980 461 1101 542 afferat,

52 559 158 626 haud
179 561 245 623 sint
267 568 434 646 expertes;
467 562 524 646 qui
546 561 642 640 enim,
672 583 701 658 sq
723 560 853 626 illarum
875 584 983 628 rerum
1003 563 1099 633 rudes

54 671 155 744 sunt,
184 670 369 725 accuratam
391 662 475 726 vitae
498 661 670 748 imaginem
692 663 844 727 exhibere
866 665 1024 750 possunt?
1059 665 1100 739 cf.

55 754 87 832 c.
117 760 171 831 67.
220 762 303 828 Cum
322 762 454 828 fabulae
472 771 617 828 vetustae
639 785 723 850 quae
751 773 826 830 sunt
847 763 888 829 de
910 766 977 831 deis
997 766 1101 834 heroi.-

54 865 195 953 busque
231 865 266 928 in
298 885 395 929 scena
423 870 569 950 agantur,
604 866 670 928 acri
692 865 797 930 studio
825 874 946 952 poetas,
980 870 1035 954 qui
1058 869 1099 934 de

53 969 156 1032 hisce
177 965 274 1032 rebus
294 965 434 1048 tradunt,
457 965 601 1031 lectitare
623 963 758 1031 debent:
782 989 808 1036 c.
824 962 876 1033 36.
915 961 990 1034 Huc
1010 991 1099 1036 acce·

55 1069 112 1134 dit
149 1067 238 1156 quod
271 1068 314 1132 ad
343 1075 428 1132 recte
460 1088 600 1155 vereque
630 1066 858 1154 exprimendas
878 1067 951 1134 illas
972 1069 1098 1138 fabulas

56 1171 177 1236 variae
212 1168 406 1256 disciplinae
439 1170 501 1234 eis·
516 1178 591 1234 sunt
611 1169 800 1235 discendae:
835 1169 925 1255 leges
946 1174 1098 1257 musicae,

55 1272 254 1358 rythmicae,
287 1272 452 1355 metricae3
488 1292 584 1357 porro
613 1280 648 1336 ut
677 1269 895 1358 philosophia,
930 1271 1098 1352 rhetorica,

57 1374 203 1462 pictura,
237 1381 304 1438 arte
338 1374 491 1438 statuaria
523 1372 639 1438 imbuti
673 1373 746 1454 sint,
781 1373 917 1458 scriptor
940 1374 1098 1460 postulat3

57 1499 87 1546 c.
115 1471 169 1541 35.
218 1473 366 1560 Cumque
388 1473 522 1540 saltator
554 1475 586 1540 id
614 1474 746 1556 laboret,
779 1483 815 1538 ut
838 1475 937 1539 animi
963 1476 1097 1542 affectus

58 1579 210 1664 corporis
234 1585 323 1641 motu
337 1578 507 1662 exprimat,
529 1578 672 1663 corporis
687 1577 774 1642 vires
795 1598 834 1641 ac
847 1575 1015 1643 facultates
1030 1600 1097 1643 non

56 1681 172 1746 minus
209 1699 305 1765 quam
339 1677 457 1742 mentis
491 1679 535 1742 eis
568 1676 768 1743 excolendae
791 1687 881 1743 sunt:
917 1699 945 1746 c.
969 1675 1020 1748 69.
1045 1674 1096 1748 72.

59 1781 193 1867 Corpus
213 1779 254 1844 ab
277 1779 350 1842 imis
372 1778 535 1863 unguibus
558 1780 600 1844 ad
622 1779 775 1844 verticem
796 1778 934 1866 aequale
969 1789 999 1845 et
1021 1802 1096 1845 con·

58 1905 185 1968 gruens
209 1883 258 1962 sit,
285 1881 454 1967 fugiatque
474 1880 608 1945 nimiam
628 1882 853 1967 proceritatem
875 1889 973 1967 atque
996 1885 1097 1948 tenui·

59 1994 163 2050 tatem
196 1983 319 2070 pariter
350 1991 447 2069 atque
479 1981 691 2046 humilitatem
728 1991 759 2047 et
794 1982 942 2068 adipem:
985 2005 1011 2052 c.
1045 1979 1096 2051 75.

58 2085 196 2150 Deinde
218 2093 253 2149 ut
277 2105 395 2169 corpus
418 2084 486 2166 ejus
514 2090 581 2148 tam
603 2081 645 2148 ad
672 2080 903 2148 inflectendum
931 2105 1028 2170 quam
1054 2083 1096 2150 ad

60 2185 305 2252 subsistendum
329 2185 483 2250 idoneum
505 2186 562 2267 sit,
586 2187 744 2272 poscitur:
768 2206 795 2252 c.
819 2181 870 2262 77,

152 2287 252 2353 Ohori
284 2296 392 2374 partes
428 2285 540 2373 quales
574 2285 703 2370 fuerint,
739 2287 803 2351 iam
838 2308 935 2372 supra
956 2286 1096 2353 breviter

60 2391 238 2475 attigimus.
298 2387 419 2453 Omnes
452 2409 516 2452 uno
551 2386 730 2472 eodemque
764 2396 909 2474 tempore
942 2389 1100 2455 cecinisse

61 2492 161 2558 docet
182 2513 248 2555 vox
272 2485 449 2574 ὅμοφωνία,
480 2510 544 2574 qua
565 2487 727 2552 Lucienus
749 2507 861 2554 eorum
886 2496 1016 2554 cantum
1040 2488 1105 2555 de·‘

61 2595 187 2678 signat:
219 2613 246 2654 c.
272 2587 323 2660 68,
368 2590 556 2656 Cavendum
579 2611 621 2654 ne
645 2611 717 2654 cum
739 2589 1013 2656 Sommerbrodtio
1036 2613 1094 2678 pu·

60 2703 167 2759 temus
184 2705 235 2758 ‘ex
264 2715 291 2758 c.
314 2687 356 2758 30
378 2691 615 2779 conjiciendum
638 2712 718 2768 esse,
753 2692 857 2778 primo
880 2691 993 2756 saltem
1015 2700 1093 2758 tem·

60 2819 141 2882 pore
166 2795 257 2860 chori
284 2801 390 2880 partes
413 2792 521 2859 nullas
546 2793 654 2875 fuisse,
690 2792 747 2857 sed
768 2794 875 2880 ipsum
899 2801 1039 2858 actorem
1063 2803 1094 2859 et

61 2896 198 2963 saltasse
226 2904 259 2960 et
288 2897 458 2978 cecinisse3
493 2896 548 2981 qui
574 2895 658 2958 enim
683 2895 816 2979 cogitari
843 2901 958 2981 potest,
991 2895 1027 2958 in
1046 2903 1094 2960 tot

61 3007 192 3086 tamque
225 2999 323 3063 variis
357 2999 500 3083 corporis
535 2996 685 3078 motibus,
718 2996 774 3082 qui
808 3016 934 3082 semper
970 2994 1093 3083 aliquid

61 3101 250 3165 imitationis
272 3098 444 3177 habebant,
464 3097 650 3162 histrionem
672 3098 805 3183 insuper
827 3096 1005 3178 cecinisse?
1031 3119 1093 3163 nec

62 3202 239 3288 quidquam
264 3200 385 3265 dehac
411 3199 564 3264 cantandi
587 3198 789 3285 saltandique
811 3199 1036 3286 conjunctione
1058 3201 1093 3263 in

61 3304 268 3386 pantomimis
291 3300 561 3388 postearesoluta
582 3301 671 3387 apud
693 3308 815 3384 ceteros
838 3303 1009 3388 scriptores
1031 3309 1092 3368 tra·

4 3415 5 3418 ’
62 3403 156 3468 ditur.
196 3403 264 3469 Nos
287 3405 392 3491 potius
415 3401 470 3467 illa
485 3402 594 3486 verba,
618 3407 690 3467 cum
704 3402 896 3487 generaliter
916 3403 980 3468 sint
993 3401 1090 3485 dicta,

62 3503 232 3570 referenda
254 3526 420 3571 censemus
442 3503 483 3569 ad
507 3503 643 3569 eandem
665 3526 749 3586 rem,
772 3525 869 3590 quam
888 3505 1001 3570 Livius
1016 3505 1091 3572 VII.

61 3601 91 3687 2,
115 3603 137 3672 9
160 3605 266 3676 tradit.

147 3707 290 3774 Chorum
314 3715 482 3773 canentem
504 3708 707 3796 prosequitur
735 3727 802 3773 non
828 3727 928 3771 unum
959 3706 1109 3794 aliquod

63 3828 230 3896 organum,
251 3806 309 3877 sed
323 3811 485 3877 vanorum
499 3811 782 3878 instrumentorum
799 3817 992 3876 concentus:
1012 3829 1090 3898 qua·
