2972 4978
466 337 629 412 Uti

93 525 131 591 In
163 526 314 593 omuibus
342 527 398 611 eis,
430 549 513 615 quac
544 527 642 594 tradit
675 527 715 594 de
738 527 864 615 origine
877 531 899 610 ¹)
922 530 1122 616 pantomimi,

93 629 132 694 de
157 626 249 694 chori
281 629 533 716 saltatoramque
562 629 716 717 partibus,
753 631 794 695 de
820 628 1003 699 fabularum
1027 654 1122 718 argu·

92 731 219 812 mentis,
254 752 384 816 prorsus
405 730 503 796 fidem
527 731 557 796 ei
579 728 763 796 habendam
786 752 857 798 esse
878 731 995 799 docent
1016 732 1122 801 lucia
1151 802 1155 810 ,

93 830 236 918 Grysaro
249 834 274 913 2)
297 853 338 896 ex
361 831 432 897 aliis
454 831 662 918 scriptoribus
683 832 800 899 collati.
843 832 948 900 Aliter
965 853 1019 900 res
1034 855 1119 902 com·

91 941 204 1019 parata
229 941 277 998 est
301 935 334 998 in
359 933 415 1016 eis,
447 955 530 1020 quae
553 932 594 997 de
615 923 887 1019 pantomimorum
910 934 1067 1021 dignitate
1089 945 1121 1001 et

91 1032 230 1098 utilitate
261 1056 388 1101 summa
420 1057 494 1099 oum
526 1033 712 1101 laudatione
744 1037 886 1123 exponit.
938 1036 977 1102 In
1004 1037 1120 1124 quibus

92 1155 159 1199 non
178 1135 277 1201 semel
299 1135 398 1201 fidem
428 1137 457 1200 ei
476 1135 698 1221 abrogandam
720 1137 932 1220 censemusl).
976 1137 1120 1204 Primum

93 1238 233 1322 scriptor
261 1239 350 1326 justo
387 1237 492 1324 magis
526 1237 670 1303 celebrat
702 1261 895 1325 organorum
917 1247 1120 1320 concentum,

93 1359 188 1424 quem
222 1337 353 1426 quidem
375 1338 574 1425 pulcherime
601 1339 769 1405 inventum
793 1349 824 1406 ct
847 1341 1052 1406 constitutum
1074 1341 1121 1406 di·

92 1439 151 1504 cit:
195 1447 230 1504 at
268 1439 363 1506 istam
404 1445 623 1524 παναρμονίαν
654 1442 760 1528 potius
790 1463 924 1528 pravam
957 1441 1120 1529 quandam

92 1541 216 1606 aurium
238 1540 467 1621 titillationem,
489 1562 586 1628 quam
607 1564 685 1608 vere
706 1543 874 1630 pulchram
895 1543 1120 1631 symphoniam

92 1642 190 1707 luisse
219 1652 251 1707 et
271 1641 385 1709 Ovidii
418 1664 529 1710 versus
549 1652 645 1710 antca
662 1642 779 1710 allatus
801 1644 894 1711 docet
916 1653 948 1712 et
965 1645 1036 1733 ipse
1053 1645 1117 1711 Lu·

92 1745 202 1808 cianus
236 1743 313 1810 facit
347 1753 382 1810 ut
415 1742 600 1828 videamus;
643 1745 740 1811 Grato
780 1747 865 1811 enim
898 1745 1119 1833 philosophus,

91 1867 186 1932 quam
207 1844 428 1932 disputantem
450 1845 582 1926 inducit,
615 1848 676 1912 ista
706 1849 817 1913 omnia
846 1869 935 1913 mera
956 1845 1119 1933 κρούματα

92 1947 143 2012 καὶ
166 1953 378 2033 τερετίσματα
398 1947 491 2014 dicit:
535 1946 577 2016 cf.
607 1968 635 2017 c.
658 1944 690 2014 2.
734 1949 835 2014 Porro
859 1949 995 2036 quisque
1022 1947 1118 2016 facilc

92 2050 126 2114 iu
148 2069 219 2115 eam
240 2050 433 2114 sententiam
447 2048 611 2132 concedet,
633 2059 670 2115 ut
690 2073 741 2117 res
761 2053 797 2114 in
812 2071 882 2136 cap.
897 2046 939 2123 35
956 2050 1119 2136 expositas

92 2151 193 2235 magis
227 2147 491 2218 declamationem
521 2151 726 2238 sophisticam
760 2149 915 2230 redolere,
948 2174 1045 2240 quam
1075 2151 1118 2218 ad

91 2253 258 2319 veritatem
288 2252 501 2318 conformatas
531 2273 602 2318 esse
623 2253 804 2342 arbitretur.
848 2251 1005 2320 Similiter
1032 2252 1119 2341 judi·

92 2352 234 2420 candum
253 2373 322 2418 esse
337 2353 378 2417 de
393 2353 579 2419 saltatorum
594 2357 795 2441 praestantia
808 2362 930 2422 certium
945 2353 1117 2420 habemus:

91 2458 147 2544 qui
170 2456 229 2520 etsi
250 2476 324 2520 cum
346 2453 508 2520 comoedis
529 2464 598 2520 tum
618 2455 780 2543 tragoedis
801 2455 900 2542 longe
919 2464 1118 2543 anteponun-

90 2567 142 2624 tur
178 2578 276 2643 saepe
299 2565 407 2622 tamen
430 2577 485 2639 ea,
518 2577 602 2643 quae
623 2559 752 2644 agenda
773 2557 901 2642 merim,
936 2558 1117 2645 corrupisse

90 2661 161 2746 ipse
183 2659 345 2724 Lucienus
376 2657 470 2722 docet
501 2679 528 2724 c.
551 2653 603 2726 80.
625 2655 676 2729 82.
699 2656 750 2730 83.
793 2660 895 2725 Porro
918 2667 1117 2747 quantopere

90 2783 131 2826 ex
152 2760 366 2847 sophistarum
389 2759 547 2826 laudandi
567 2783 687 2845 genero
707 2761 760 2830 hic
779 2759 930 2848 dialogus
953 2760 1116 2849 profectus

90 2864 139 2943 sit,
174 2882 330 2928 exsere
355 2863 505 2942 cernitur,
540 2862 627 2948 quod
656 2862 697 2928 dc
718 2864 989 2951 pantomimorum
1012 2863 1117 2951 impu-

91 2964 202 3030 dentia
222 2972 254 3028 et
273 2962 483 3050 turpitudine,
505 2959 547 3027 de
568 2984 633 3050 qua
657 2986 698 3030 ex
717 2963 788 3032 aliis
807 2963 1016 3050 scriptoribus
1038 2966 1116 3030 satis

90 3065 257 3148 constatl),
289 3064 455 3132 Lucianus
488 3086 553 3129 uno
589 3074 724 3153 excepto
759 3064 831 3130 locc
863 3069 902 3144 (c.
933 3059 988 3146 83)
1020 3073 1116 3150 tacot,

158 3303 185 3371 1)
205 3304 369 3369 Quamquam
388 3316 455 3370 quae
474 3303 507 3354 de
531 3303 617 3370 prima
635 3303 710 3356 illius
732 3305 798 3358 artis
816 3303 922 3371 ortgiue
939 3319 961 3356 c.
979 3305 1004 3356 7.
1022 3305 1038 3356 8
1056 3321 1115 3358 nar·

89 3393 137 3454 rat,
155 3389 189 3443 ad
210 3393 330 3454 tempora
348 3387 471 3440 fabulosa
495 3404 553 3440 eam
577 3389 699 3455 reterens,
726 3391 884 3460 placarunt
904 3388 1114 3446 declamationis.

89 3474 212 3542 Sequitur
233 3479 321 3524 tamen
340 3473 472 3526 Lucienus
498 3489 662 3528 communem
681 3476 810 3542 quendam
827 3477 989 3530 Graecorum
1007 3491 1114 3532 conme-

89 3560 215 3628 sudinem,
234 3559 267 3611 de
285 3575 338 3626 qua
354 3559 472 3627 disputat
492 3559 574 3612 Wolf.
593 3561 701 3629 Prclcg.
723 3561 756 3613 ad
774 3562 851 3614 Hom.
873 3557 899 3630 p.
916 3561 961 3613 LI.

155 3648 182 3712 t)
199 3645 249 3697 Rb.
266 3644 336 3697 Mus.
358 3647 433 3709 1833,
454 3649 463 3698 Ι
484 3661 509 3712 p.
528 3647 561 3698 30
580 3661 618 3712 sq.
651 3673 654 3678 ·

155 3733 183 3796 3)
200 3729 281 3782 Recte
304 3728 437 3795 judicarit
463 3730 627 3797 Hertabergr
661 3730 757 3783 Gesch.
786 3729 833 3782 Gr.
859 3735 915 3783 unt.
942 3731 969 3784 d,
987 3730 1062 3784 Ram.
1078 3731 1113 3784 11.

89 3831 113 3882 p.
131 3816 191 3870 ⁶08.

155 3903 187 3970 4)
200 3903 286 3956 bocru
303 3901 425 3968 inprimis
442 3900 622 3960 memorabilis
641 3907 682 3957 est
701 3901 730 3956 ia
750 3902 822 3956 Ptin.
838 3901 922 3972 aput,
939 3900 999 3961 vu
1017 3905 1061 3960 it·
